event time,asset,transaction time,ask,ask size,bid,bid size
1747689765554,XRPUSDT,1747689765567,2.3789,5552.0,2.3754,6699.5
1747689765575,SOLUSDT,1747689765597,165.7100,62.82,165.4200,857.06
1747689765595,ETHUSDC,1747689765598,2517.96,0.000,2508.28,0.011
1747689765618,1000PEPEUSDT,1747689765623,0.0132439,19630,0.0131752,461679
1747689765626,ETHUSDT,1747689765626,2517.17,0.000,200.00,26.897
1747689765621,BTCUSDT,1747689765627,105275.90,5.028,1000.00,64.028
1747689765630,DOGEUSDT,1747689765638,0.224060,3388,0.206130,437
1747689765624,BTCUSDC,1747689765646,105308.9,0.000,101575.3,0.877
1747689765647,MOODENGUSDT,1747689765652,0.2465900,0,0.2393100,248
1747689765637,XRPUSDT,1747689765668,2.3789,5555.7,2.3784,3406.6
1747689765697,ETHUSDC,1747689765700,2518.18,32.378,2458.94,48.314
1747689765698,SOLUSDT,1747689765700,165.7100,143.50,160.6500,239.25
1747689765707,1000PEPEUSDT,1747689765726,0.0132439,22439,0.0131968,1737642
1747689765721,ETHUSDT,1747689765727,2517.29,58.565,200.00,26.897
1747689765730,BTCUSDT,1747689765730,105284.60,0.206,5000.00,0.736
1747689765706,DOGEUSDT,1747689765742,0.224090,26846,0.222640,720339
1747689765751,MOODENGUSDT,1747689765753,0.2466200,3067,0.2334900,0
1747689765765,BTCUSDC,1747689765766,105301.3,0.004,105200.7,7.483
1747689765767,XRPUSDT,1747689765772,2.3789,5560.1,1.9031,412.5
1747689765804,SOLUSDT,1747689765806,165.7300,411.01,165.6400,1068.04
1747689765803,ETHUSDC,1747689765811,2518.72,2.960,2516.43,0.093
1747689765812,1000PEPEUSDT,1747689765828,0.0132671,162494,0.0132088,237015
1747689765821,ETHUSDT,1747689765828,2517.29,58.580,2466.20,0.810
1747689765826,BTCUSDT,1747689765831,105278.40,0.003,1000.00,64.028
1747689765839,DOGEUSDT,1747689765844,0.224060,3411,0.195450,84623
1747689765855,MOODENGUSDT,1747689765856,0.2465700,974,0.2243900,30687
1747689765864,BTCUSDC,1747689765869,105311.9,0.410,104316.5,0.000
1747689765875,XRPUSDT,1747689765879,2.3789,5647.0,2.3205,27384.3
1747689765913,SOLUSDT,1747689765914,166.1300,2174.15,132.5700,1.16
1747689765922,ETHUSDT,1747689765929,2517.52,0.008,200.00,26.897
1747689765908,1000PEPEUSDT,1747689765930,0.0132741,684236,0.0132268,1588018
1747689765930,BTCUSDT,1747689765932,105275.90,5.611,5000.00,0.736
1747689765929,ETHUSDC,1747689765937,2518.18,32.386,2480.77,0.000
1747689765943,MOODENGUSDT,1747689765957,0.2465700,0,0.2428200,31300
1747689765918,DOGEUSDT,1747689765967,0.224080,49904,0.223500,103333
1747689765943,BTCUSDC,1747689765977,105770.3,1.705,101282.0,0.000
1747689765965,XRPUSDT,1747689765981,2.3791,6190.3,2.3560,19923.6
1747689766016,SOLUSDT,1747689766023,182.9300,5.56,165.4900,222.30
1747689766030,ETHUSDT,1747689766031,2517.29,28.691,200.00,26.897
1747689766014,1000PEPEUSDT,1747689766033,,,0.0131840,0
1747689766032,BTCUSDT,1747689766035,105275.90,5.627,5000.00,0.736
1747689766023,ETHUSDC,1747689766047,2518.18,22.046,2391.79,0.000
1747689766055,MOODENGUSDT,1747689766060,0.2465900,1123,0.2374500,164
1747689766069,DOGEUSDT,1747689766072,0.224070,6059,0.179250,590
1747689766073,XRPUSDT,1747689766084,2.3790,12426.3,2.3600,193833.5
1747689766100,BTCUSDC,1747689766107,105324.0,0.002,101282.0,1.173
1747689766123,SOLUSDT,1747689766127,165.7300,411.00,160.6500,239.25
1747689766131,ETHUSDT,1747689766132,2517.29,10.052,202.00,0.100
1747689766137,BTCUSDT,1747689766137,105275.90,3.823,1000.00,64.028
1747689766142,1000PEPEUSDT,1747689766144,0.0132455,129897,0.0105951,174112
1747689766150,ETHUSDC,1747689766150,2518.18,13.985,2467.57,0.078
1747689766151,MOODENGUSDT,1747689766161,0.2465800,811,0.2242600,5177
1747689766173,DOGEUSDT,1747689766175,0.224060,3988,0.179250,550
1747689766187,XRPUSDT,1747689766188,2.3789,5621.2,2.3759,7718.9
1747689766204,BTCUSDC,1747689766209,105300.3,0.762,84240.2,0.000
1747689766230,ETHUSDT,1747689766233,2517.29,0.000,200.00,26.897
1747689766238,BTCUSDT,1747689766239,105275.90,4.265,5000.00,0.756
1747689766226,SOLUSDT,1747689766239,165.7100,62.90,149.1300,11.15
1747689766245,1000PEPEUSDT,1747689766247,0.0132439,20049,0.0119194,57860
1747689766254,ETHUSDC,1747689766256,2518.18,28.002,2467.57,48.223
1747689766260,MOODENGUSDT,1747689766263,0.2465800,0,0.2243800,22060
1747689766272,DOGEUSDT,1747689766277,0.224060,4134,0.201640,3135
1747689766248,XRPUSDT,1747689766289,2.3789,5654.9,2.1409,41.1
1747689766331,ETHUSDT,1747689766334,2517.37,87.379,200.00,26.897
1747689766336,SOLUSDT,1747689766342,165.6500,0.00,160.6500,237.83
1747689766342,BTCUSDT,1747689766342,105275.90,4.105,5000.00,0.736
1747689766328,1000PEPEUSDT,1747689766350,0.0132455,121152,0.0132040,265785
1747689766336,BTCUSDC,1747689766362,105312.0,0.796,101603.4,0.000
1747689766359,ETHUSDC,1747689766362,2518.43,0.012,2466.41,80.991
1747689766343,MOODENGUSDT,1747689766366,0.2466100,0,0.2464900,1547
1747689766379,DOGEUSDT,1747689766380,0.224130,352914,0.219430,1732
1747689766392,XRPUSDT,1747689766393,2.3791,12892.9,2.3277,27898.0
1747689766428,ETHUSDT,1747689766436,2517.37,87.394,1258.40,0.024
1747689766425,SOLUSDT,1747689766445,165.7100,144.25,132.5700,1.16
1747689766444,BTCUSDT,1747689766445,105278.80,0.016,1000.00,64.028
1747689766422,1000PEPEUSDT,1747689766453,0.0133067,21859,0.0132103,34596
1747689766464,BTCUSDC,1747689766465,105324.0,0.000,101603.4,1.364
1747689766459,ETHUSDC,1747689766465,2518.31,0.397,2466.41,119.123
1747689766477,MOODENGUSDT,1747689766479,0.2466200,0,0.2334100,1293
1747689766449,DOGEUSDT,1747689766482,0.224130,364914,0.219430,664789
1747689766482,XRPUSDT,1747689766494,2.3790,12426.3,2.3685,44764.7
1747689766537,ETHUSDT,1747689766538,2517.16,0.000,200.00,26.897
1747689766543,BTCUSDT,1747689766547,105275.90,2.306,5000.00,0.736
1747689766546,SOLUSDT,1747689766555,165.7100,63.57,160.6500,239.25
1747689766528,1000PEPEUSDT,1747689766556,0.0132456,43168,0.0131773,380
1747689766517,BTCUSDC,1747689766567,105330.3,0.000,103329.7,0.000
1747689766577,ETHUSDC,1747689766578,2518.18,16.410,500.00,0.000
1747689766560,MOODENGUSDT,1747689766582,0.2466300,1522,0.2401600,4606
1747689766572,DOGEUSDT,1747689766584,0.224150,79006,0.219430,1732
1747689766602,XRPUSDT,1747689766603,2.3800,36557.1,2.3324,137.8
1747689766638,ETHUSDT,1747689766639,2517.16,0.000,200.00,26.897
1747689766649,BTCUSDT,1747689766650,105281.20,0.094,1000.00,64.178
1747689766650,SOLUSDT,1747689766657,165.7400,632.31,165.4200,857.06
1747689766612,1000PEPEUSDT,1747689766660,0.0132455,35400,0.0132258,16567
1747689766678,ETHUSDC,1747689766680,2518.18,7.387,500.00,0.050
1747689766679,BTCUSDC,1747689766683,105312.0,0.409,84240.2,0.002
1747689766683,MOODENGUSDT,1747689766685,0.2466300,1488,0.2410000,21143
1747689766654,DOGEUSDT,1747689766688,0.224060,4130,0.179250,550
1747689766698,XRPUSDT,1747689766704,2.3794,25437.8,2.3688,31462.5
1747689766737,ETHUSDT,1747689766740,2517.45,0.000,2466.57,4.593
1747689766749,BTCUSDT,1747689766751,105275.90,2.751,1000.00,64.028
1747689766756,1000PEPEUSDT,1747689766761,0.0132628,963845,0.0131705,7316
1747689766749,SOLUSDT,1747689766760,165.7300,315.06,160.6500,237.83
1747689766781,BTCUSDC,1747689766784,105301.3,0.000,84240.2,0.000
1747689766758,ETHUSDC,1747689766785,2518.18,7.407,2499.95,0.025
1747689766778,MOODENGUSDT,1747689766788,0.2466300,0,0.2342900,536
1747689766768,DOGEUSDT,1747689766790,0.224080,44562,0.223260,127206
1747689766839,ETHUSDT,1747689766843,2517.37,39.658,200.00,26.897
1747689766832,XRPUSDT,1747689766849,2.3794,26274.8,2.0775,892.8
1747689766850,BTCUSDT,1747689766852,105275.90,2.751,5000.00,0.736
1747689766861,1000PEPEUSDT,1747689766864,0.0132460,206830,0.0105951,174112
1747689766887,MOODENGUSDT,1747689766890,0.2466600,1170,0.2293700,10936
1747689766890,BTCUSDC,1747689766893,105340.0,0.066,101374.7,0.000
1747689766865,DOGEUSDT,1747689766894,0.224280,181852,0.223910,234203
1747689766883,ETHUSDC,1747689766900,2518.18,15.460,2491.52,68.135
1747689766933,SOLUSDT,1747689766943,165.7100,63.57,132.5700,1.22
1747689766942,ETHUSDT,1747689766945,2517.37,38.811,200.00,26.897
1747689766948,XRPUSDT,1747689766951,2.3789,5638.2,2.3586,17855.6
1747689766951,BTCUSDT,1747689766956,105280.80,0.003,1000.00,64.028
1747689766956,1000PEPEUSDT,1747689766967,,,0.0131886,7689
1747689766989,MOODENGUSDT,1747689766991,0.2466300,0,0.2386600,45
1747689766992,BTCUSDC,1747689766995,105324.0,0.002,101339.1,0.000
1747689766976,DOGEUSDT,1747689766997,0.224100,49370,0.222410,357111
1747689767031,ETHUSDC,1747689767032,2520.76,103.199,2500.15,506.170
1747689767000,SOLUSDT,1747689767045,165.7100,63.66,132.5700,1.16
1747689767046,ETHUSDT,1747689767047,2517.54,2.222,2441.30,0.688
1747689767020,XRPUSDT,1747689767052,2.3851,13358.3,2.3469,8703.4
1747689767056,BTCUSDT,1747689767058,105275.90,2.297,1000.00,64.028
1747689767056,1000PEPEUSDT,1747689767071,0.0132464,168891,0.0131713,4455581
1747689767089,MOODENGUSDT,1747689767093,0.2466800,1985,0.2343100,2939
1747689767071,BTCUSDC,1747689767097,105324.0,0.000,101339.1,1.172
1747689767102,DOGEUSDT,1747689767107,0.224060,3871,0.219430,1732
1747689767136,ETHUSDC,1747689767138,2518.18,7.395,2491.52,72.143
1747689767147,ETHUSDT,1747689767149,2517.37,25.717,200.00,26.897
1747689767150,SOLUSDT,1747689767153,165.7100,63.77,160.6500,237.83
1747689767154,XRPUSDT,1747689767154,2.3789,5488.2,2.3324,138.2
1747689767158,BTCUSDT,1747689767159,105282.70,0.002,5000.00,0.756
1747689767171,1000PEPEUSDT,1747689767173,0.0132439,0,0.0131113,679596
1747689767193,MOODENGUSDT,1747689767195,0.2466900,67,0.2444400,1957
1747689767194,BTCUSDC,1747689767199,,,84240.2,0.002
1747689767217,DOGEUSDT,1747689767220,0.224060,3865,0.179250,550
1747689767236,ETHUSDC,1747689767243,2518.18,15.456,2014.54,0.000
1747689767248,ETHUSDT,1747689767250,2517.37,29.088,200.00,26.897
1747689767249,SOLUSDT,1747689767255,165.7300,313.07,149.1300,11.15
1747689767255,XRPUSDT,1747689767257,2.3795,9377.3,2.1409,41.1
1747689767258,BTCUSDT,1747689767260,105283.00,0.008,1000.00,64.028
1747689767258,1000PEPEUSDT,1747689767277,0.0132448,101163,0.0119194,57860
1747689767293,MOODENGUSDT,1747689767312,0.2466600,379,0.2304800,100
1747689767312,BTCUSDC,1747689767316,105324.0,0.000,84240.2,0.000
1747689767324,DOGEUSDT,1747689767327,0.224060,10750,0.221040,85399
1747689767346,ETHUSDT,1747689767352,2517.37,16.299,2482.15,0.000
1747689767360,XRPUSDT,1747689767361,2.3795,12547.6,2.3354,4449.9
1747689767344,ETHUSDC,1747689767361,2518.18,6.454,2514.16,35.395
1747689767361,BTCUSDT,1747689767362,105283.00,0.006,1000.00,64.028
1747689767356,SOLUSDT,1747689767364,165.7100,63.81,164.5500,628.25
1747689767378,1000PEPEUSDT,1747689767380,0.0132448,0,0.0125804,0
1747689767408,MOODENGUSDT,1747689767415,0.2466600,401,0.2352100,9319
1747689767418,DOGEUSDT,1747689767430,0.224060,10569,0.218340,556770
1747689767451,ETHUSDT,1747689767453,2517.37,16.303,200.00,26.897
1747689767464,BTCUSDT,1747689767465,105282.80,0.188,5000.00,0.756
1747689767469,SOLUSDT,1747689767470,163.2200,0.00,132.5700,1.22
1747689767471,ETHUSDC,1747689767472,2518.18,14.515,2482.95,43.964
1747689767449,BTCUSDC,1747689767483,105408.4,0.477,105200.7,7.535
1747689767480,XRPUSDT,1747689767483,2.3789,5477.4,2.3597,129681.5
1747689767484,1000PEPEUSDT,1747689767489,0.0132448,0,0.0131835,682643
1747689767495,MOODENGUSDT,1747689767518,0.2466800,2010,0.2418000,909
1747689767533,DOGEUSDT,1747689767534,0.224060,4024,0.222880,127028
1747689767555,ETHUSDT,1747689767559,2517.37,16.311,200.00,26.897
1747689767561,BTCUSDT,1747689767566,105282.80,0.132,1000.00,64.028
1747689767553,SOLUSDT,1747689767571,165.7300,330.41,132.5700,1.16
1747689767567,ETHUSDC,1747689767579,2518.20,3.597,,
1747689767587,1000PEPEUSDT,1747689767592,0.0132454,3017,0.0131828,19282
1747689767532,BTCUSDC,1747689767606,,,105200.7,7.535
1747689767609,XRPUSDT,1747689767609,2.3852,33926.9,2.3597,129683.7
1747689767617,MOODENGUSDT,1747689767619,0.2467500,4550,0.2462100,8251
1747689767628,DOGEUSDT,1747689767639,0.224050,0,0.222700,62227
1747689767650,ETHUSDT,1747689767661,2517.37,35.600,2466.55,0.024
1747689767668,BTCUSDT,1747689767669,105275.90,2.295,1000.00,64.028
1747689767669,SOLUSDT,1747689767673,165.7000,0.00,160.6500,237.83
1747689767671,ETHUSDC,1747689767680,2518.19,0.000,2515.29,92.241
1747689767699,1000PEPEUSDT,1747689767704,0.0132453,0,0.0092720,0
1747689767703,BTCUSDC,1747689767707,105301.2,0.004,101516.7,1.170
1747689767702,XRPUSDT,1747689767710,2.3788,0.0,2.3039,5467.7
1747689767708,MOODENGUSDT,1747689767722,0.2467400,6256,0.2391800,37
1747689767742,DOGEUSDT,1747689767745,0.224060,10922,0.218560,91554
1747689767755,ETHUSDT,1747689767764,2517.37,26.132,200.00,26.897
1747689767771,BTCUSDT,1747689767771,105282.60,0.000,5000.00,0.756
1747689767691,SOLUSDT,1747689767779,165.8100,948.00,165.6100,664.35
1747689767743,ETHUSDC,1747689767789,2553.51,99.728,2014.54,0.000
1747689767770,1000PEPEUSDT,1747689767812,0.0132477,102873,0.0131612,163464
1747689767774,XRPUSDT,1747689767814,2.3792,15521.4,2.1410,4616.2
1747689767803,MOODENGUSDT,1747689767824,0.2467400,4945,0.2355100,81
1747689767810,BTCUSDC,1747689767823,105326.8,0.387,84240.2,0.000
1747689767846,DOGEUSDT,1747689767849,0.224060,12260,0.222640,709604
1747689767861,BTCUSDT,1747689767872,105282.50,0.002,1000.00,64.028
1747689767861,ETHUSDT,1747689767871,2517.37,36.669,200.00,26.897
1747689767866,SOLUSDT,1747689767886,165.7100,63.71,160.6500,239.25
1747689767890,ETHUSDC,1747689767893,,,2334.32,38.170
1747689767910,1000PEPEUSDT,1747689767915,0.0132454,6909,0.0105963,0
1747689767910,XRPUSDT,1747689767916,2.3789,5464.7,1.9031,412.5
1747689767914,MOODENGUSDT,1747689767926,0.2467400,4945,0.2340000,77411
1747689767932,BTCUSDC,1747689767943,105324.0,0.002,105200.7,7.578
1747689767926,DOGEUSDT,1747689767952,0.225020,220474,0.219690,1092329
1747689767972,BTCUSDT,1747689767973,105275.90,2.293,1000.00,64.028
1747689767963,ETHUSDT,1747689767973,2517.37,36.672,2502.06,29.677
1747689767991,SOLUSDT,1747689767993,165.7400,548.44,132.5700,1.22
1747689767967,ETHUSDC,1747689767999,2518.18,14.507,2492.78,32.051
1747689767977,1000PEPEUSDT,1747689768018,0.0132466,54762,0.0128501,0
1747689768018,XRPUSDT,1747689768019,2.3789,9676.7,2.1283,238.9
1747689768010,MOODENGUSDT,1747689768029,0.2467500,4550,0.2458500,11858
1747689768040,BTCUSDC,1747689768045,105666.8,0.043,104686.0,0.000
1747689768051,DOGEUSDT,1747689768053,0.224060,34737,0.222700,62227
1747689768071,BTCUSDT,1747689768075,105282.70,0.004,5000.00,0.756
1747689768079,ETHUSDT,1747689768079,2517.37,46.390,200.00,26.897
1747689768092,SOLUSDT,1747689768101,165.7100,144.39,132.5700,1.16
1747689768104,1000PEPEUSDT,1747689768120,0.0132466,2018,0.0131719,128377
1747689768114,XRPUSDT,1747689768121,2.3790,13483.7,2.3586,16585.4
1747689768107,ETHUSDC,1747689768127,2518.82,0.050,2457.91,0.000
1747689768111,MOODENGUSDT,1747689768133,0.2467400,4945,0.2392500,26330
1747689768151,DOGEUSDT,1747689768155,0.224060,34766,0.222880,127023
1747689768181,ETHUSDT,1747689768182,2517.37,44.603,2479.28,0.309
1747689768182,BTCUSDC,1747689768183,105324.0,0.000,104667.5,30.361
1747689768177,BTCUSDT,1747689768178,105275.90,3.645,1000.00,64.028
1747689768213,SOLUSDT,1747689768217,165.7100,256.41,160.6500,239.25
1747689768216,ETHUSDC,1747689768228,2518.18,14.826,2014.54,0.013
1747689768226,XRPUSDT,1747689768230,2.3789,15738.0,2.3710,8405.8
1747689768221,1000PEPEUSDT,1747689768230,0.0132419,0,0.0121842,0
1747689768231,MOODENGUSDT,1747689768234,0.2465900,0,0.2387200,0
1747689768258,DOGEUSDT,1747689768259,0.224060,84654,0.201640,3135
1747689768279,BTCUSDT,1747689768279,105275.90,4.682,1000.00,64.028
1747689768281,ETHUSDT,1747689768283,2517.32,0.000,2013.89,0.000
1747689768265,BTCUSDC,1747689768284,105370.9,0.417,84240.2,0.002
1747689768318,SOLUSDT,1747689768322,165.7100,300.85,149.1300,11.15
1747689768327,ETHUSDC,1747689768330,2518.18,16.613,2014.54,0.000
1747689768307,XRPUSDT,1747689768332,2.3789,18062.1,2.1409,41.1
1747689768311,1000PEPEUSDT,1747689768333,0.0132436,672922,0.0119208,270000
1747689768320,MOODENGUSDT,1747689768335,0.2465900,2429,0.2367500,37955
1747689768360,DOGEUSDT,1747689768361,0.224070,86594,0.222380,401680
1747689768379,BTCUSDT,1747689768382,105275.90,4.686,5000.00,0.756
1747689768337,BTCUSDC,1747689768385,,,84240.2,0.000
1747689768384,ETHUSDT,1747689768384,2517.33,95.175,200.00,26.897
1747689768420,SOLUSDT,1747689768423,165.7100,300.51,160.6500,237.83
1747689768429,ETHUSDC,1747689768432,2518.75,13.913,2467.37,48.148
1747689768433,1000PEPEUSDT,1747689768436,0.0132436,268034,0.0129221,1452711
1747689768433,XRPUSDT,1747689768437,2.3670,0.0,2.3783,3975.0
1747689768420,MOODENGUSDT,1747689768437,0.2466700,5464,0.2462300,43797
1747689768460,DOGEUSDT,1747689768464,0.224060,98118,0.221320,21886
1747689768483,BTCUSDT,1747689768483,105275.90,4.044,1000.00,64.028
1747689768480,ETHUSDT,1747689768486,2517.33,95.835,2470.72,24.510
1747689768492,BTCUSDC,1747689768515,105316.5,0.374,105200.7,7.578
1747689768524,SOLUSDT,1747689768534,165.7600,871.75,132.5700,1.22
1747689768535,ETHUSDC,1747689768536,2518.37,3.243,2505.16,299.856
1747689768533,1000PEPEUSDT,1747689768537,0.0132436,85208,0.0131792,22361
1747689768532,MOODENGUSDT,1747689768540,0.2465900,0,0.2392000,1328
1747689768514,XRPUSDT,1747689768541,2.3789,17458.3,2.3771,20502.3
1747689768545,DOGEUSDT,1747689768576,0.224130,490008,0.223910,226739
1747689768581,BTCUSDT,1747689768584,105275.90,4.224,1000.00,64.028
1747689768565,ETHUSDT,1747689768587,2517.34,0.930,2416.63,0.142
1747689768551,BTCUSDC,1747689768624,105311.9,0.023,105200.7,7.578
1747689768612,ETHUSDC,1747689768637,2520.84,108.541,2500.15,506.170
1747689768632,SOLUSDT,1747689768637,164.8700,0.00,132.5700,1.16
1747689768635,1000PEPEUSDT,1747689768640,0.0132443,0,0.0128944,1452711
1747689768636,MOODENGUSDT,1747689768643,0.2466100,0,0.2402900,39797
1747689768646,XRPUSDT,1747689768647,2.3789,17411.0,2.3763,5554.7
1747689768681,DOGEUSDT,1747689768683,0.224060,98093,0.221160,77563
1747689768682,BTCUSDT,1747689768687,105282.40,0.004,5000.00,0.736
1747689768686,ETHUSDT,1747689768696,2517.33,94.226,200.00,26.897
1747689768632,BTCUSDC,1747689768725,105312.0,0.796,105200.7,7.707
1747689768738,1000PEPEUSDT,1747689768742,0.0132446,0,0.0132167,139673
1747689768657,ETHUSDC,1747689768742,2520.45,3.757,2336.02,0.000
1747689768728,SOLUSDT,1747689768744,165.7100,302.48,160.8900,1083.68
1747689768708,MOODENGUSDT,1747689768746,0.2466300,1102,0.2457200,13250
1747689768709,XRPUSDT,1747689768748,2.3808,15095.3,2.3784,3409.0
1747689768744,DOGEUSDT,1747689768786,0.224070,53405,0.219190,206051
1747689768787,BTCUSDT,1747689768789,105285.20,0.018,1000.00,64.028
1747689768798,ETHUSDT,1747689768799,2517.33,95.011,2498.98,0.033
1747689768832,BTCUSDC,1747689768833,,,84240.2,0.000
1747689768829,1000PEPEUSDT,1747689768845,0.0132461,218421,0.0132290,86614
1747689768830,SOLUSDT,1747689768846,165.7100,301.48,160.6500,237.83
1747689768847,MOODENGUSDT,1747689768848,0.2467200,3222,0.2347600,20569
1747689768787,ETHUSDC,1747689768853,,,2336.02,59.332
1747689768884,BTCUSDT,1747689768892,105285.90,0.128,1000.00,64.028
1747689768852,DOGEUSDT,1747689768897,0.224180,256355,0.219410,1005191
1747689768900,ETHUSDT,1747689768901,2517.33,94.211,2416.63,0.152
1747689768925,BTCUSDC,1747689768936,105408.4,0.477,103854.6,0.481
1747689768944,XRPUSDT,1747689768946,2.3789,17393.9,2.3597,129681.5
1747689768929,1000PEPEUSDT,1747689768948,0.0132436,85296,0.0132175,2951610
1747689768945,SOLUSDT,1747689768950,165.7100,301.48,165.1500,158.87
1747689768940,MOODENGUSDT,1747689768950,0.2465900,1536,0.2347600,124
1747689768962,ETHUSDC,1747689768971,2520.75,102.570,2014.54,0.013
1747689768990,BTCUSDT,1747689768995,105275.90,4.223,5000.00,0.736
1747689769001,ETHUSDT,1747689769002,2518.91,8.320,200.00,26.897
1747689768988,DOGEUSDT,1747689769004,0.224190,30008,0.179250,590
1747689768992,BTCUSDC,1747689769039,,,105200.7,7.707
1747689769046,1000PEPEUSDT,1747689769051,0.0132448,1745,0.0131940,383
1747689769042,XRPUSDT,1747689769053,2.3815,13071.4,1.9031,412.5
1747689769080,MOODENGUSDT,1747689769091,0.2465900,0,0.2462500,1689
1747689769097,BTCUSDT,1747689769098,105275.90,4.048,1000.00,64.028
1747689769099,SOLUSDT,1747689769102,165.7100,300.69,132.5700,1.16
1747689769102,ETHUSDT,1747689769103,2517.73,1.840,2013.86,0.000
1747689769004,ETHUSDC,1747689769105,,,2014.54,0.000
1747689769099,DOGEUSDT,1747689769110,0.224130,491457,0.179250,550
1747689769134,BTCUSDC,1747689769140,105767.3,3.908,105200.7,7.707
1747689769149,1000PEPEUSDT,1747689769154,0.0132456,101188,0.0132384,9773
1747689769153,XRPUSDT,1747689769159,2.3851,10077.3,2.3598,114973.1
1747689769172,MOODENGUSDT,1747689769195,0.2466000,28,0.2353800,8643
1747689769199,BTCUSDT,1747689769200,105275.90,3.985,1000.00,64.028
1747689769202,ETHUSDT,1747689769205,2517.33,94.227,200.00,26.897
1747689769152,ETHUSDC,1747689769208,2518.18,16.551,2479.47,12.116
1747689769211,DOGEUSDT,1747689769213,0.224150,65487,0.201640,3160
1747689769213,SOLUSDT,1747689769217,165.7100,305.86,149.1300,11.15
1747689769256,1000PEPEUSDT,1747689769257,0.0132463,17822,0.0105949,661
1747689769278,XRPUSDT,1747689769291,2.3790,14822.8,2.1409,41.1
1747689769253,MOODENGUSDT,1747689769297,0.2466400,1348,0.2464500,6106
1747689769282,BTCUSDC,1747689769299,,,105200.7,7.707
1747689769299,BTCUSDT,1747689769301,105275.90,3.779,5000.00,0.756
1747689769304,ETHUSDT,1747689769306,2517.33,75.233,200.00,26.897
1747689769303,DOGEUSDT,1747689769315,0.224110,139315,0.201640,3135
1747689769266,ETHUSDC,1747689769326,2518.18,16.551,2495.11,0.445
1747689769313,SOLUSDT,1747689769332,165.7100,299.03,160.6500,237.83
1747689769356,1000PEPEUSDT,1747689769358,0.0132431,0,0.0105949,0
1747689769383,XRPUSDT,1747689769394,2.3795,11477.3,2.3588,35192.7
1747689769402,BTCUSDT,1747689769403,105275.90,4.392,1000.00,64.028
1747689769399,BTCUSDC,1747689769404,105528.8,0.036,84240.2,0.000
1747689769401,ETHUSDT,1747689769408,2517.33,78.409,2477.54,6.393
1747689769409,MOODENGUSDT,1747689769411,0.2465200,0,0.2465200,8900
1747689769415,DOGEUSDT,1747689769419,0.224060,98127,0.219400,34929
1747689769429,SOLUSDT,1747689769434,165.7100,305.53,165.5100,995.94
1747689769460,1000PEPEUSDT,1747689769460,0.0132434,31772,0.0131169,22871
1747689769401,ETHUSDC,1747689769465,2518.46,3.503,2480.95,44.276
1747689769507,BTCUSDT,1747689769507,105275.90,3.778,1000.00,64.028
1747689769510,ETHUSDT,1747689769511,2517.33,75.205,200.00,26.897
1747689769503,MOODENGUSDT,1747689769512,0.2467100,4618,0.2418800,77229
1747689769507,BTCUSDC,1747689769519,106185.7,0.000,101283.9,0.929
1747689769510,DOGEUSDT,1747689769523,0.224060,98201,0.223670,181661
1747689769529,SOLUSDT,1747689769535,165.7100,306.01,160.6500,239.25
1747689769532,XRPUSDT,1747689769537,2.3789,17804.0,2.3053,8619.3
1747689769558,1000PEPEUSDT,1747689769561,0.0132434,1053,0.0132176,206462
1747689769563,ETHUSDC,1747689769583,2518.93,0.127,2014.54,0.000
1747689769605,BTCUSDT,1747689769608,105282.80,0.076,5000.00,0.736
1747689769610,ETHUSDT,1747689769612,2517.60,16.808,200.00,26.897
1747689769561,MOODENGUSDT,1747689769615,,,0.2464500,5432
1747689769619,DOGEUSDT,1747689769625,0.224050,131574,0.179250,550
1747689769608,BTCUSDC,1747689769633,105405.9,5.222,105200.7,0.001
1747689769614,SOLUSDT,1747689769639,165.7200,313.09,132.5700,1.16
1747689769656,XRPUSDT,1747689769662,2.3789,17802.0,2.2965,6320.0
1747689769662,1000PEPEUSDT,1747689769664,0.0132466,278210,0.0131368,90108
1747689769674,ETHUSDC,1747689769700,2520.34,1.735,2515.34,11.154
1747689769711,BTCUSDT,1747689769711,105275.90,4.365,1000.00,64.028
1747689769711,ETHUSDT,1747689769713,2517.60,18.984,2487.12,12.044
1747689769726,DOGEUSDT,1747689769729,0.224050,129148,0.223310,36963
1747689769725,SOLUSDT,1747689769754,165.7100,308.01,160.6500,237.83
1747689769740,MOODENGUSDT,1747689769760,0.2466000,0,0.2462500,1689
1747689769759,XRPUSDT,1747689769765,2.3789,17612.5,2.3670,2211.4
1747689769765,1000PEPEUSDT,1747689769769,0.0132530,114358,0.0130514,0
1747689769689,BTCUSDC,1747689769771,105405.9,5.222,,
1747689769811,BTCUSDT,1747689769814,105281.20,0.094,1000.00,64.028
1747689769811,ETHUSDT,1747689769814,2517.60,17.896,200.00,26.897
1747689769846,DOGEUSDT,1747689769853,0.224110,268096,0.222700,62227
1747689769843,SOLUSDT,1747689769857,165.7100,306.91,165.6800,441.74
1747689769849,ETHUSDC,1747689769862,2518.18,20.514,,
1747689769810,MOODENGUSDT,1747689769863,,,0.2460600,5032
1747689769865,XRPUSDT,1747689769871,2.3789,17235.5,2.1410,3745.0
1747689769878,BTCUSDC,1747689769883,105405.9,5.222,84240.2,0.000
1747689769876,1000PEPEUSDT,1747689769910,0.0132442,2080,0.0131868,1944066
1747689769916,BTCUSDT,1747689769917,105282.50,0.202,5000.00,0.736
1747689769917,ETHUSDT,1747689769918,2517.60,16.808,200.00,26.897
1747689769932,DOGEUSDT,1747689769955,0.224050,129208,0.223580,148949
1747689769946,SOLUSDT,1747689769963,165.7100,306.91,160.6500,239.25
1747689769962,ETHUSDC,1747689769970,2527.88,5.595,2458.94,0.000
1747689769969,XRPUSDT,1747689769979,2.3789,17605.0,2.1816,4147.3
1747689769947,MOODENGUSDT,1747689769982,0.2466600,1727,,
1747689770010,1000PEPEUSDT,1747689770011,0.0132447,38719,0.0132187,808474
1747689769982,BTCUSDC,1747689770014,105405.9,5.222,101575.3,0.877
1747689770018,BTCUSDT,1747689770019,105275.90,4.358,1000.00,64.028
1747689770025,ETHUSDT,1747689770026,2480.33,0.000,2013.86,0.013
1747689770029,DOGEUSDT,1747689770062,0.224070,115827,0.223670,135592
1747689770070,SOLUSDT,1747689770071,165.7300,528.34,160.6500,237.83
1747689770079,XRPUSDT,1747689770082,2.3789,17259.3,2.3241,13019.8
1747689770055,MOODENGUSDT,1747689770086,0.2466500,281,0.2458100,1164
1747689770099,ETHUSDC,1747689770103,2543.19,31.940,2014.54,0.000
1747689770112,1000PEPEUSDT,1747689770114,0.0132468,37676,0.0105947,661
1747689770118,BTCUSDT,1747689770121,105275.90,4.324,1000.00,64.028
1747689770125,ETHUSDT,1747689770129,2517.60,17.896,200.00,26.897
1747689770161,DOGEUSDT,1747689770164,0.224060,109891,0.222190,88431
1747689770167,SOLUSDT,1747689770174,165.7100,306.81,132.5700,1.16
1747689770166,BTCUSDC,1747689770183,105323.3,0.118,105204.3,1.296
1747689770183,XRPUSDT,1747689770185,2.3815,13071.4,2.3671,120608.4
1747689770167,MOODENGUSDT,1747689770187,0.2466300,0,0.2421200,41
1747689770172,ETHUSDC,1747689770205,2518.55,0.030,2500.15,506.170
1747689770189,1000PEPEUSDT,1747689770215,0.0132517,449435,0.0105947,0
1747689770221,BTCUSDT,1747689770222,105282.70,0.128,5000.00,0.736
1747689770231,ETHUSDT,1747689770232,2517.33,75.189,200.00,26.897
1747689770268,DOGEUSDT,1747689770271,0.224070,99125,0.201640,3135
1747689770263,SOLUSDT,1747689770285,165.7300,519.09,149.1300,11.15
1747689770261,XRPUSDT,1747689770288,2.3789,17259.7,2.1409,41.1
1747689770281,MOODENGUSDT,1747689770290,0.2466600,1665,0.2242600,937
1747689770288,BTCUSDC,1747689770293,105300.3,0.478,101282.0,0.000
1747689770299,ETHUSDC,1747689770309,2519.43,0.012,2514.16,0.000
1747689770277,1000PEPEUSDT,1747689770317,0.0132440,2651,0.0131886,0
1747689770321,BTCUSDT,1747689770327,105279.60,0.002,1000.00,64.028
1747689770333,ETHUSDT,1747689770333,2517.33,75.202,2494.36,0.085
1747689770342,DOGEUSDT,1747689770374,0.224090,121379,0.219240,182229
1747689770390,SOLUSDT,1747689770391,165.7100,300.02,160.6500,239.25
1747689770391,MOODENGUSDT,1747689770393,0.2466400,2121,0.2461000,2646
1747689770392,BTCUSDC,1747689770400,105324.3,0.000,84240.2,0.002
1747689770409,ETHUSDC,1747689770412,2518.18,20.036,2467.57,0.078
1747689770418,1000PEPEUSDT,1747689770420,0.0132434,0,0.0125813,7949
1747689770427,BTCUSDT,1747689770429,105275.90,4.328,1000.00,64.028
1747689770432,ETHUSDT,1747689770434,2516.79,0.000,200.00,26.897
1747689770460,XRPUSDT,1747689770461,2.3789,17250.5,2.3753,5685.6
1747689770473,DOGEUSDT,1747689770477,0.224050,129281,0.219690,1637930
1747689770494,SOLUSDT,1747689770494,165.7100,308.09,157.4100,14.42
1747689770487,MOODENGUSDT,1747689770496,0.2466700,4034,0.2461000,1311
1747689770501,BTCUSDC,1747689770508,105405.9,5.222,84240.2,0.000
1747689770504,1000PEPEUSDT,1747689770521,0.0132436,58280,0.0132177,632452
1747689770509,ETHUSDC,1747689770524,2518.18,20.522,2467.57,48.223
1747689770529,BTCUSDT,1747689770531,105275.90,4.327,5000.00,0.756
1747689770535,ETHUSDT,1747689770537,2517.33,76.952,200.00,26.897
1747689770531,XRPUSDT,1747689770563,2.3792,13785.1,2.1000,197559.2
1747689770574,DOGEUSDT,1747689770580,0.224080,111403,0.221800,195952
1747689770587,MOODENGUSDT,1747689770600,0.2466300,1861,0.2342800,530
1747689770600,SOLUSDT,1747689770602,165.7100,308.20,157.4100,12.20
1747689770619,1000PEPEUSDT,1747689770624,0.0132436,1510,0.0132176,273109
1747689770630,BTCUSDT,1747689770634,105282.50,0.202,1000.00,64.028
1747689770626,ETHUSDT,1747689770639,2517.33,77.067,2013.86,0.000
1747689770641,ETHUSDC,1747689770643,,,2014.54,0.000
1747689770680,DOGEUSDT,1747689770681,0.224020,103931,0.156810,949
1747689770668,BTCUSDC,1747689770682,105329.0,0.000,101528.4,1.170
1747689770682,XRPUSDT,1747689770683,2.3789,17247.9,2.3710,8390.4
1747689770701,SOLUSDT,1747689770705,165.7300,520.30,132.5700,1.16
1747689770713,1000PEPEUSDT,1747689770728,0.0133080,677319,0.0131760,104683
1747689770737,BTCUSDT,1747689770738,105275.90,4.325,5000.00,0.736
1747689770695,MOODENGUSDT,1747689770741,0.2466300,1837,0.2417300,19814
1747689770756,ETHUSDT,1747689770758,2517.33,77.021,200.00,26.897
1747689770743,ETHUSDC,1747689770770,2520.34,4.528,2466.41,119.123
1747689770781,DOGEUSDT,1747689770783,0.224020,104005,0.222670,46231
1747689770782,XRPUSDT,1747689770784,2.3790,13917.9,2.3671,116379.6
1747689770749,BTCUSDC,1747689770784,,,101603.4,1.364
1747689770804,SOLUSDT,1747689770807,165.7100,299.98,160.6500,239.25
1747689770820,1000PEPEUSDT,1747689770831,,,0.0132340,1665
1747689770838,BTCUSDT,1747689770840,105275.90,3.741,5000.00,0.756
1747689770834,MOODENGUSDT,1747689770845,0.2466300,640,0.2242400,1040
1747689770855,ETHUSDT,1747689770860,2517.33,45.737,200.00,26.897
1747689770853,ETHUSDC,1747689770878,2518.18,16.551,2517.05,0.000
1747689770871,DOGEUSDT,1747689770885,0.224020,95874,0.220080,809865
1747689770867,XRPUSDT,1747689770886,2.3670,0.0,2.3671,120608.4
1747689770882,BTCUSDC,1747689770893,105408.4,0.477,84240.2,0.002
1747689770897,SOLUSDT,1747689770908,165.7300,527.33,165.2400,1306.38
1747689770934,1000PEPEUSDT,1747689770935,,,0.0105949,661
1747689770941,BTCUSDT,1747689770942,105275.90,4.956,1000.00,64.028
1747689770919,MOODENGUSDT,1747689770948,0.2466300,0,0.2343900,21174
1747689770960,ETHUSDT,1747689770961,2517.49,0.000,2487.36,0.000
1747689770985,XRPUSDT,1747689770989,2.3789,17233.2,2.3635,56577.5
1747689770991,DOGEUSDT,1747689770993,0.224040,116386,0.222610,57510
1747689770982,ETHUSDC,1747689770996,2518.18,20.558,2518.17,20.899
1747689771009,BTCUSDC,1747689771017,107019.4,1.678,84240.2,0.000
1747689771031,SOLUSDT,1747689771031,165.7100,313.57,160.6500,237.83
1747689771033,1000PEPEUSDT,1747689771038,0.0132447,39613,0.0105949,0
1747689771041,BTCUSDT,1747689771043,105275.90,6.069,5000.00,0.756
1747689771026,MOODENGUSDT,1747689771054,0.2466800,1806,0.2459800,842
1747689771061,ETHUSDT,1747689771062,2517.58,1.123,200.00,26.897
1747689771066,XRPUSDT,1747689771093,2.3789,17233.1,2.3689,8812.8
1747689771083,DOGEUSDT,1747689771097,0.224020,97246,0.218300,322059
1747689771075,ETHUSDC,1747689771099,2518.78,0.050,2014.54,0.013
1747689771133,SOLUSDT,1747689771135,165.7100,308.42,132.5700,1.22
1747689771137,1000PEPEUSDT,1747689771139,0.0132440,2248,0.0132242,906088
1747689771141,BTCUSDT,1747689771147,105279.70,0.002,5000.00,0.756
1747689771144,BTCUSDC,1747689771150,105364.8,0.248,101374.7,0.000
1747689771133,MOODENGUSDT,1747689771157,0.2466900,3082,0.2460600,4692
1747689771161,ETHUSDT,1747689771163,2517.33,46.163,200.00,26.897
1747689771171,XRPUSDT,1747689771196,2.3795,8264.0,2.3671,116379.6
1747689771192,DOGEUSDT,1747689771199,0.224020,108953,0.221780,54101
1747689771205,ETHUSDC,1747689771223,2518.18,20.546,2014.54,0.000
1747689771240,1000PEPEUSDT,1747689771243,0.0132445,772,0.0119191,0
1747689771243,SOLUSDT,1747689771245,165.8500,502.63,132.5700,1.16
1747689771248,BTCUSDT,1747689771249,105275.90,6.044,1000.00,64.028
1747689771261,MOODENGUSDT,1747689771262,0.2466600,1653,0.2457100,36656
1747689771268,ETHUSDT,1747689771273,2517.33,46.162,2265.59,0.819
1747689771282,BTCUSDC,1747689771299,105408.4,0.477,101339.1,0.000
1747689771299,DOGEUSDT,1747689771303,0.224040,87323,0.201610,9375
1747689771292,XRPUSDT,1747689771321,,,1.9031,412.5
1747689771345,1000PEPEUSDT,1747689771346,0.0132442,1226,0.0132026,24240
1747689771330,SOLUSDT,1747689771348,165.7100,308.35,152.4400,327.87
1747689771314,ETHUSDC,1747689771351,2518.18,20.863,2518.17,20.899
1747689771349,BTCUSDT,1747689771352,105275.80,0.000,5000.00,0.756
1747689771369,MOODENGUSDT,1747689771369,0.2466400,2833,0.2400600,6292
1747689771381,ETHUSDT,1747689771382,2517.33,46.116,200.00,26.897
1747689771401,BTCUSDC,1747689771419,107019.4,0.839,84240.2,0.002
1747689771404,DOGEUSDT,1747689771427,0.224020,107129,0.223520,166246
1747689771414,XRPUSDT,1747689771432,2.3789,17233.3,2.3597,129681.5
1747689771449,SOLUSDT,1747689771449,165.7100,306.35,152.4400,325.58
1747689771432,1000PEPEUSDT,1747689771449,0.0132436,3066,0.0132177,654503
1747689771455,BTCUSDT,1747689771457,105275.90,6.052,1000.00,64.028
1747689771472,MOODENGUSDT,1747689771472,0.2466400,2873,0.2343900,55
1747689771381,ETHUSDC,1747689771482,2544.62,23.987,,
1747689771469,ETHUSDT,1747689771485,2517.33,46.089,2265.59,0.000
1747689771514,XRPUSDT,1747689771539,2.3789,17229.6,2.3782,12765.8
1747689771499,BTCUSDC,1747689771541,107019.4,0.420,84240.2,0.000
1747689771551,SOLUSDT,1747689771551,165.7100,305.71,164.3700,541.89
1747689771549,1000PEPEUSDT,1747689771551,0.0132447,38719,0.0131727,115426
1747689771558,BTCUSDT,1747689771559,105428.50,0.264,1000.00,64.028
1747689771559,DOGEUSDT,1747689771571,0.224060,112487,0.222600,164651
1747689771570,MOODENGUSDT,1747689771573,0.2465900,2123,0.2461400,3991
1747689771587,ETHUSDT,1747689771592,2517.58,0.035,2473.21,0.009
1747689771592,ETHUSDC,1747689771593,2527.97,0.000,2014.54,0.013
1747689771641,XRPUSDT,1747689771642,2.3789,15443.3,2.2772,80.6
1747689771652,BTCUSDC,1747689771652,105408.4,0.477,105200.7,7.765
1747689771649,SOLUSDT,1747689771652,165.7300,488.50,160.6500,239.25
1747689771610,1000PEPEUSDT,1747689771658,0.0133973,5974189,0.0132302,4154
1747689771659,BTCUSDT,1747689771660,105286.40,0.368,5000.00,0.756
1747689771664,MOODENGUSDT,1747689771676,0.2466200,9063,0.2336200,0
1747689771679,DOGEUSDT,1747689771680,0.224160,212779,0.222170,101992
1747689771692,ETHUSDT,1747689771694,2517.33,46.134,200.00,26.897
1747689771694,ETHUSDC,1747689771701,2542.70,3.927,2014.54,0.000
1747689771727,XRPUSDT,1747689771744,2.3789,17238.4,2.3598,10600.9
1747689771732,BTCUSDC,1747689771754,105312.0,0.796,105200.7,7.765
1747689771753,SOLUSDT,1747689771754,165.7100,305.71,132.5700,1.16
1747689771760,1000PEPEUSDT,1747689771761,,,0.0132161,1462262
1747689771761,BTCUSDT,1747689771762,105275.90,6.051,1000.00,64.028
1747689771779,MOODENGUSDT,1747689771779,0.2465900,2515,0.2411900,14245
1747689771757,DOGEUSDT,1747689771785,0.224060,112662,0.221780,54101
1747689771793,ETHUSDT,1747689771795,2517.34,0.807,2488.12,647.912
1747689771799,ETHUSDC,1747689771810,2518.18,20.546,2482.92,16.088
1747689771840,XRPUSDT,1747689771847,2.3789,17239.0,2.3671,116379.6
1747689771847,SOLUSDT,1747689771855,165.7100,305.71,165.5400,507.60
1747689771861,BTCUSDT,1747689771863,105303.90,0.020,1000.00,64.028
1747689771832,1000PEPEUSDT,1747689771865,0.0132440,1301,0.0131757,380
1747689771859,MOODENGUSDT,1747689771889,0.2466100,4442,0.2342300,11516
1747689771866,ETHUSDT,1747689771898,2517.60,21.471,2454.95,0.024
1747689771837,BTCUSDC,1747689771901,105408.4,0.477,105200.7,7.765
1747689771891,DOGEUSDT,1747689771910,0.224050,114453,0.222850,43878
1747689771934,ETHUSDC,1747689771948,2518.19,0.000,2516.14,0.012
1747689771955,XRPUSDT,1747689771964,2.3789,17231.6,2.1410,4616.2
1747689771964,BTCUSDT,1747689771966,105250.00,0.000,5000.00,0.756
1747689771966,1000PEPEUSDT,1747689771968,0.0132446,772,0.0105949,0
1747689771994,MOODENGUSDT,1747689771995,0.2465900,2269,0.2352600,42636
1747689771992,ETHUSDT,1747689772000,2517.33,35.262,200.00,26.897
1747689771994,SOLUSDT,1747689772012,165.7100,298.29,160.6500,239.25
1747689772002,DOGEUSDT,1747689772014,0.224060,112642,0.223420,77852
1747689771999,BTCUSDC,1747689772023,105408.4,0.477,84240.2,0.000
1747689772032,ETHUSDC,1747689772051,2518.19,0.000,2516.23,0.993
1747689772052,XRPUSDT,1747689772068,2.3792,13792.9,1.9031,416.2
1747689772067,BTCUSDT,1747689772069,105284.70,0.116,1000.00,64.028
1747689772060,1000PEPEUSDT,1747689772071,0.0132470,39430,0.0132233,146395
1747689772106,ETHUSDT,1747689772106,2517.58,2.395,2013.86,0.013
1747689772014,MOODENGUSDT,1747689772111,0.2469200,6376,0.2352600,21595
1747689772116,SOLUSDT,1747689772118,165.7100,305.95,163.3200,19.06
1747689772128,BTCUSDC,1747689772131,105325.1,0.002,103636.8,2.599
1747689772132,DOGEUSDT,1747689772134,0.224050,85390,0.179210,276
1747689772172,BTCUSDT,1747689772172,105286.00,0.911,1000.00,64.028
1747689772163,XRPUSDT,1747689772171,2.3789,17232.0,1.9031,412.5
1747689772171,1000PEPEUSDT,1747689772174,0.0132442,2679,0.0132292,246450
1747689772204,ETHUSDC,1747689772204,2518.18,20.309,2334.32,38.170
1747689772206,ETHUSDT,1747689772207,2517.33,35.262,200.00,26.897
1747689772220,SOLUSDT,1747689772223,165.8500,432.32,132.5700,1.16
1747689772222,MOODENGUSDT,1747689772233,0.2465900,2697,0.2453700,4828
1747689772232,BTCUSDC,1747689772234,105376.7,0.106,103636.8,2.166
1747689772224,DOGEUSDT,1747689772237,0.224020,107435,0.201610,9375
1747689772273,BTCUSDT,1747689772275,105275.90,6.057,5000.00,0.736
1747689772275,XRPUSDT,1747689772275,2.3789,17897.0,2.1409,41.1
1747689772261,1000PEPEUSDT,1747689772277,0.0132436,3463,0.0119191,0
1747689772263,ETHUSDC,1747689772309,2518.19,1.152,2465.90,0.020
1747689772290,ETHUSDT,1747689772309,2517.33,49.313,200.00,26.897
1747689772322,MOODENGUSDT,1747689772337,0.2465400,3105,0.2217700,3062
1747689772324,DOGEUSDT,1747689772341,0.225200,175198,0.216790,14992
1747689772340,SOLUSDT,1747689772342,165.8500,502.44,165.2900,365.17
1747689772372,BTCUSDT,1747689772377,105275.90,6.067,1000.00,64.028
1747689772365,BTCUSDC,1747689772378,105343.0,0.000,101485.7,0.028
1747689772363,XRPUSDT,1747689772377,2.3670,0.0,2.3671,120687.3
1747689772359,1000PEPEUSDT,1747689772379,0.0132464,37766,0.0131760,104303
1747689772408,ETHUSDT,1747689772411,2517.33,49.284,2492.15,6.416
1747689772420,MOODENGUSDT,1747689772439,0.2465700,4231,0.2461400,23642
1747689772440,SOLUSDT,1747689772445,165.7100,297.85,160.6500,237.83
1747689772444,ETHUSDC,1747689772447,2553.82,35.192,2457.91,48.334
1747689772457,DOGEUSDT,1747689772458,0.224060,141789,0.222600,239863
1747689772478,BTCUSDT,1747689772479,105275.90,6.069,1000.00,64.028
1747689772464,1000PEPEUSDT,1747689772482,0.0132436,3453,0.0105949,0
1747689772472,XRPUSDT,1747689772481,2.3789,17643.3,2.3560,18715.3
1747689772483,BTCUSDC,1747689772486,105342.9,0.020,84240.2,0.002
1747689772507,ETHUSDT,1747689772512,2517.33,49.272,200.00,26.897
1747689772547,SOLUSDT,1747689772549,165.7100,306.93,164.3700,541.89
1747689772450,ETHUSDC,1747689772551,2543.19,31.940,,
1747689772548,DOGEUSDT,1747689772559,0.224050,70358,0.222840,46467
1747689772556,MOODENGUSDT,1747689772561,0.2465400,0,0.2418300,171253
1747689772581,BTCUSDT,1747689772581,105282.70,0.078,5000.00,0.736
1747689772570,XRPUSDT,1747689772584,2.3789,17897.3,2.2950,32384.7
1747689772565,1000PEPEUSDT,1747689772585,0.0132436,6210,0.0132292,982662
1747689772532,BTCUSDC,1747689772592,105342.9,0.172,84240.2,0.000
1747689772609,ETHUSDT,1747689772613,2517.33,49.259,200.00,26.897
1747689772651,SOLUSDT,1747689772652,165.7100,307.06,160.6500,239.25
1747689772652,DOGEUSDT,1747689772662,0.224040,72735,0.179210,276
1747689772662,MOODENGUSDT,1747689772664,0.2465600,0,0.2455400,4120
1747689772681,BTCUSDT,1747689772684,105275.90,6.068,1000.00,64.028
1747689772654,XRPUSDT,1747689772687,2.3795,8272.9,2.3572,22042.2
1747689772671,1000PEPEUSDT,1747689772687,0.0132436,7721,0.0131790,15810
1747689772649,BTCUSDC,1747689772693,105408.4,0.477,105197.3,0.000
1747689772696,ETHUSDT,1747689772719,2517.33,49.227,2013.86,0.000
1747689772731,ETHUSDC,1747689772733,2518.18,19.831,2014.54,0.000
1747689772718,DOGEUSDT,1747689772766,0.224450,212880,0.223510,166302
1747689772760,MOODENGUSDT,1747689772776,0.2465700,894,0.2342900,109
1747689772774,SOLUSDT,1747689772783,165.7100,307.06,132.5700,1.16
1747689772784,BTCUSDT,1747689772787,105275.90,5.370,1000.00,64.028
1747689772780,1000PEPEUSDT,1747689772789,0.0132436,9230,0.0132270,1428188
1747689772752,XRPUSDT,1747689772789,2.3789,17246.2,2.3683,54715.7
1747689772810,ETHUSDT,1747689772820,2517.60,19.295,200.00,26.897
1747689772804,BTCUSDC,1747689772833,105300.0,0.000,105200.7,7.775
1747689772851,ETHUSDC,1747689772879,,,2481.15,119.580
1747689772889,BTCUSDT,1747689772890,105275.90,5.466,5000.00,0.736
1747689772891,XRPUSDT,1747689772892,2.3789,17254.5,2.3710,8387.3
1747689772884,1000PEPEUSDT,1747689772892,0.0132446,42911,0.0131696,9847
1747689772859,SOLUSDT,1747689772901,165.7100,306.94,159.5000,1292.51
1747689772910,MOODENGUSDT,1747689772912,0.2465600,1348,0.2376700,107
1747689772922,ETHUSDT,1747689772923,2517.33,49.265,200.00,26.897
1747689772901,DOGEUSDT,1747689772926,0.224020,108775,0.219380,28096
1747689772932,BTCUSDC,1747689772935,105310.7,0.034,103636.8,0.866
1747689772970,ETHUSDC,1747689772987,2518.18,20.301,2336.02,0.000
1747689772988,BTCUSDT,1747689772992,105282.70,0.078,1000.00,64.028
1747689772989,1000PEPEUSDT,1747689772993,0.0132436,10743,0.0105949,0
1747689773003,SOLUSDT,1747689773004,165.7100,306.94,160.6500,239.25
1747689773023,ETHUSDT,1747689773024,2517.60,21.471,2502.46,0.549
1747689773006,DOGEUSDT,1747689773029,0.224040,77381,0.222360,4301
1747689773005,XRPUSDT,1747689773035,2.3789,17238.1,1.9031,416.2
1747689773048,BTCUSDC,1747689773081,105408.4,0.477,84240.2,0.000
1747689773081,BTCUSDT,1747689773094,105275.90,5.092,1000.00,64.028
1747689773095,1000PEPEUSDT,1747689773096,0.0132436,11429,0.0132242,954830
1747689773099,ETHUSDC,1747689773100,2518.18,20.309,2336.02,59.332
1747689773098,MOODENGUSDT,1747689773102,0.2510400,137,0.2343100,2512
1747689773105,SOLUSDT,1747689773106,165.7100,306.93,165.1500,158.87
1747689773110,DOGEUSDT,1747689773132,0.224140,103718,0.179210,316
1747689773131,ETHUSDT,1747689773132,2517.33,49.278,200.00,26.897
1747689773100,XRPUSDT,1747689773139,2.3789,17236.4,1.9031,412.5
1747689773194,1000PEPEUSDT,1747689773199,0.0137733,7260,0.0132243,287430
1747689773198,BTCUSDT,1747689773199,105287.50,0.147,5000.00,0.756
1747689773199,BTCUSDC,1747689773200,105405.9,5.181,105200.7,7.775
1747689773184,MOODENGUSDT,1747689773205,0.2465800,5805,0.2338800,0
1747689773205,SOLUSDT,1747689773209,165.6100,0.00,165.4600,446.58
1747689773227,ETHUSDT,1747689773240,2517.33,49.313,200.00,26.897
1747689773236,XRPUSDT,1747689773243,2.3852,33926.9,2.2765,934.2
1747689773240,ETHUSDC,1747689773244,2542.94,23.561,2457.80,48.336
1747689773261,DOGEUSDT,1747689773263,0.224020,108977,0.179210,276
1747689773299,BTCUSDC,1747689773301,105405.9,0.001,103636.8,0.433
1747689773261,1000PEPEUSDT,1747689773301,,,0.0119191,0
1747689773302,BTCUSDT,1747689773302,105275.90,5.489,1000.00,64.028
1747689773300,MOODENGUSDT,1747689773309,0.2465600,0,0.2457200,23339
1747689773310,SOLUSDT,1747689773320,165.7100,240.64,132.5700,1.16
1747689773341,ETHUSDT,1747689773342,2517.33,49.401,2265.59,0.000
1747689773344,XRPUSDT,1747689773345,2.3789,17887.5,2.1409,41.1
1747689773299,ETHUSDC,1747689773378,2528.13,182.997,2500.07,506.170
1747689773401,BTCUSDT,1747689773404,105275.90,5.490,1000.00,64.028
1747689773403,1000PEPEUSDT,1747689773404,0.0132436,10580,0.0125898,482
1747689773396,MOODENGUSDT,1747689773411,0.2465600,2854,0.2459400,4359
1747689773408,DOGEUSDT,1747689773411,0.224020,109698,0.221890,422087
1747689773399,BTCUSDC,1747689773414,105381.9,0.368,104850.0,0.011
1747689773420,SOLUSDT,1747689773422,165.7100,235.00,165.4200,834.35
1747689773444,XRPUSDT,1747689773446,2.3789,17884.9,2.3785,2098.9
1747689773444,ETHUSDT,1747689773449,2517.33,49.452,200.00,26.897
1747689773505,BTCUSDT,1747689773506,105275.90,5.306,5000.00,0.736
1747689773485,1000PEPEUSDT,1747689773506,0.0132436,11826,0.0105949,661
1747689773507,DOGEUSDT,1747689773513,0.224020,109721,0.218770,1891
1747689773511,MOODENGUSDT,1747689773513,0.2465900,5226,0.2338100,1103
1747689773465,ETHUSDC,1747689773513,2519.31,4.906,2514.14,0.000
1747689773500,SOLUSDT,1747689773527,170.7600,2.64,159.0800,11.54
1747689773532,BTCUSDC,1747689773536,105343.4,0.000,84240.2,0.002
1747689773550,XRPUSDT,1747689773551,2.3789,17233.8,2.3590,191150.1
1747689773552,ETHUSDT,1747689773553,2518.53,0.018,200.00,26.897
1747689773603,BTCUSDT,1747689773607,105275.90,4.904,1000.00,64.028
1747689773600,1000PEPEUSDT,1747689773610,0.0132464,39364,0.0105949,0
1747689773615,MOODENGUSDT,1747689773615,0.2465600,2083,0.2317500,11084
1747689773612,ETHUSDC,1747689773618,2519.15,6.854,2014.54,0.013
1747689773626,SOLUSDT,1747689773630,165.7100,227.69,164.3700,541.89
1747689773632,DOGEUSDT,1747689773633,0.224160,213223,0.179210,316
1747689773650,XRPUSDT,1747689773653,2.3670,0.0,1.9031,412.5
1747689773652,ETHUSDT,1747689773654,2517.65,0.025,2479.56,89.057
1747689773582,BTCUSDC,1747689773659,,,84240.2,0.000
1747689773708,BTCUSDT,1747689773710,105308.40,0.160,1000.00,64.028
1747689773697,1000PEPEUSDT,1747689773714,0.0132464,416,0.0132040,265785
1747689773711,MOODENGUSDT,1747689773717,0.2466200,8463,0.2464600,6565
1747689773721,ETHUSDC,1747689773727,2518.82,0.000,2014.54,0.000
1747689773706,DOGEUSDT,1747689773735,0.224160,212779,0.179210,276
1747689773720,SOLUSDT,1747689773741,165.8600,644.25,160.6500,237.83
1747689773747,XRPUSDT,1747689773756,2.3815,13071.4,2.3635,47454.6
1747689773760,ETHUSDT,1747689773762,2517.58,0.219,200.00,26.897
1747689773763,BTCUSDC,1747689773769,105405.9,5.164,101283.9,0.929
1747689773810,BTCUSDT,1747689773812,105275.90,5.131,5000.00,0.736
1747689773811,1000PEPEUSDT,1747689773818,,,0.0132206,1399829
1747689773788,MOODENGUSDT,1747689773821,0.2468300,7170,,
1747689773817,ETHUSDC,1747689773832,2520.34,1.805,2505.09,46.481
1747689773840,SOLUSDT,1747689773852,165.7100,234.80,132.5700,1.16
1747689773820,DOGEUSDT,1747689773855,0.224160,213223,0.218230,26788
1747689773858,XRPUSDT,1747689773859,2.3789,17226.7,2.3599,4564.5
1747689773856,BTCUSDC,1747689773874,105408.4,0.477,103615.4,0.873
1747689773878,ETHUSDT,1747689773880,2518.75,4.836,200.00,26.897
1747689773916,BTCUSDT,1747689773916,105275.90,4.855,1000.00,64.028
1747689773888,1000PEPEUSDT,1747689773921,0.0132478,74464,0.0131758,10246
1747689773894,MOODENGUSDT,1747689773924,0.2468300,6125,0.2376300,325
1747689773852,SOLUSDT,1747689773953,170.7600,2.64,160.6500,239.25
1747689773913,DOGEUSDT,1747689773958,0.224050,100449,0.216840,55710
1747689773923,XRPUSDT,1747689773961,2.3791,6206.2,2.1410,3745.0
1747689773981,ETHUSDT,1747689773982,2517.33,49.414,2441.80,20.555
1747689773949,BTCUSDC,1747689773983,,,102054.6,0.001
1747689774017,BTCUSDT,1747689774017,105275.90,5.049,1000.00,64.028
1747689773994,1000PEPEUSDT,1747689774024,0.0132478,18206,0.0132270,1428948
1747689774011,MOODENGUSDT,1747689774027,0.2465600,95,0.2416300,403
1747689774031,XRPUSDT,1747689774065,2.3813,12847.6,2.3598,11749.5
1747689774083,ETHUSDT,1747689774084,2517.33,49.429,200.00,26.897
1747689774082,BTCUSDC,1747689774092,105408.4,0.477,84240.2,0.002
1747689774099,ETHUSDC,1747689774101,2543.19,31.940,,
1747689774102,DOGEUSDT,1747689774103,0.224070,121463,0.218930,73036
1747689774116,BTCUSDT,1747689774118,105275.90,6.603,5000.00,0.736
1747689774099,1000PEPEUSDT,1747689774127,0.0133900,94220,0.0127141,1598
1747689774111,MOODENGUSDT,1747689774130,0.2466500,1121,0.2463300,1511
1747689774126,SOLUSDT,1747689774161,165.7900,540.75,160.6500,237.83
1747689774162,XRPUSDT,1747689774167,2.3789,17877.8,1.9031,412.5
1747689774182,ETHUSDT,1747689774186,2517.33,49.475,2479.56,40.728
1747689774182,BTCUSDC,1747689774200,105337.1,0.041,84240.2,0.000
1747689774205,DOGEUSDT,1747689774206,0.224020,109681,0.179210,316
1747689774212,ETHUSDC,1747689774214,2554.77,0.031,2014.54,0.000
1747689774219,BTCUSDT,1747689774219,105278.70,0.002,1000.00,64.028
1747689774230,1000PEPEUSDT,1747689774232,0.0132436,10315,0.0131869,454
1747689774228,MOODENGUSDT,1747689774233,0.2465600,71,0.2464400,1966
1747689774261,SOLUSDT,1747689774264,165.7100,234.83,149.1300,11.15
1747689774268,XRPUSDT,1747689774269,2.3792,13854.0,2.1409,41.1
1747689774289,ETHUSDT,1747689774290,2517.33,49.476,2013.86,0.000
1747689774305,DOGEUSDT,1747689774307,0.224020,110144,0.179210,276
1747689774320,BTCUSDT,1747689774320,105279.70,0.002,1000.00,64.028
1747689774318,ETHUSDC,1747689774324,2543.19,31.940,2458.94,48.314
1747689774311,1000PEPEUSDT,1747689774333,0.0132436,10541,0.0119191,0
1747689774333,BTCUSDC,1747689774334,105408.4,0.477,101575.3,0.877
1747689774313,MOODENGUSDT,1747689774336,0.2466400,2224,0.2439700,7515
1747689774366,SOLUSDT,1747689774366,165.7100,234.34,132.5700,1.16
1747689774358,XRPUSDT,1747689774372,2.3789,17227.0,2.3634,77871.4
1747689774385,ETHUSDT,1747689774391,2517.33,37.440,200.00,26.897
1747689774421,BTCUSDT,1747689774422,105281.20,0.188,5000.00,0.736
1747689774425,1000PEPEUSDT,1747689774436,0.0132435,38489,0.0128725,77684
1747689774425,MOODENGUSDT,1747689774439,0.2468300,6125,0.2388800,12540
1747689774437,BTCUSDC,1747689774442,105362.7,0.000,104929.2,0.575
1747689774466,XRPUSDT,1747689774474,2.3789,17227.0,2.3027,15165.4
1747689774482,DOGEUSDT,1747689774483,0.224020,110217,0.218860,47159
1747689774487,SOLUSDT,1747689774496,165.7100,234.32,160.6500,237.83
1747689774493,ETHUSDC,1747689774500,2543.19,31.940,2490.03,12.032
1747689774497,ETHUSDT,1747689774505,2517.56,0.088,2480.45,0.000
1747689774521,BTCUSDT,1747689774525,105275.90,6.601,1000.00,64.028
1747689774535,1000PEPEUSDT,1747689774539,0.0132435,0,0.0132081,3662341
1747689774525,MOODENGUSDT,1747689774542,0.2465800,0,0.2218800,27463
1747689774547,BTCUSDC,1747689774552,105336.0,0.003,104949.4,0.238
1747689774583,DOGEUSDT,1747689774587,0.224020,110942,0.219380,691915
1747689774574,XRPUSDT,1747689774592,2.3789,17226.4,2.3710,5818.4
1747689774594,SOLUSDT,1747689774597,165.7800,682.14,164.3700,541.89
1747689774607,ETHUSDT,1747689774607,2517.33,38.465,200.00,26.897
1747689774600,ETHUSDC,1747689774626,2518.31,0.000,2518.17,31.392
1747689774621,BTCUSDT,1747689774628,105281.20,0.094,1000.00,64.028
1747689774641,1000PEPEUSDT,1747689774643,0.0132436,8996,0.0128990,77524
1747689774642,MOODENGUSDT,1747689774645,0.2468300,6125,0.2268500,24741
1747689774647,BTCUSDC,1747689774655,105320.0,0.068,84240.2,0.000
1747689774683,DOGEUSDT,1747689774693,0.224020,110966,0.179210,316
1747689774692,XRPUSDT,1747689774702,2.3790,13898.9,2.3671,120685.1
1747689774695,SOLUSDT,1747689774709,165.7900,489.37,160.6500,239.25
1747689774710,ETHUSDT,1747689774711,2517.56,0.088,200.00,26.897
1747689774721,BTCUSDT,1747689774731,105284.70,0.042,5000.00,0.756
1747689774743,MOODENGUSDT,1747689774748,0.2465600,0,0.2371000,705
1747689774756,1000PEPEUSDT,1747689774757,0.0132510,2346086,0.0132207,145345
1747689774751,ETHUSDC,1747689774759,2543.19,31.940,2467.57,0.078
1747689774749,BTCUSDC,1747689774791,105408.4,0.477,101342.2,1.172
1747689774778,DOGEUSDT,1747689774798,0.224070,124026,0.179210,276
1747689774792,XRPUSDT,1747689774806,2.3790,15092.0,2.3695,11925.3
1747689774810,SOLUSDT,1747689774812,165.9100,410.58,164.4700,171.16
1747689774812,ETHUSDT,1747689774814,2517.58,0.219,2013.86,0.000
1747689774832,BTCUSDT,1747689774833,105288.30,0.076,1000.00,64.178
1747689774843,MOODENGUSDT,1747689774851,0.2466100,3069,0.2460300,6282
1747689774856,1000PEPEUSDT,1747689774860,0.0133077,209894,0.0131779,6519604
1747689774851,ETHUSDC,1747689774876,2543.19,31.940,2467.57,48.223
1747689774862,DOGEUSDT,1747689774901,0.224050,129475,0.222840,46467
1747689774897,BTCUSDC,1747689774904,105408.4,0.477,101528.4,1.170
1747689774910,ETHUSDT,1747689774918,2517.58,2.444,200.00,26.897
1747689774882,XRPUSDT,1747689774921,2.3789,17226.6,2.1383,356.4
1747689774923,BTCUSDT,1747689774935,105288.30,0.002,1000.00,64.028
1747689774920,SOLUSDT,1747689774937,166.4800,664.24,132.5700,1.16
1747689774951,MOODENGUSDT,1747689774953,0.2465700,821,0.2459400,4359
1747689774952,1000PEPEUSDT,1747689774963,0.0141706,1469,0.0105949,661
1747689774984,ETHUSDC,1747689774989,2520.84,15.951,2466.41,119.123
1747689774991,DOGEUSDT,1747689775006,0.224080,148920,0.222600,164651
1747689775018,ETHUSDT,1747689775023,2517.58,2.444,200.00,26.897
1747689775012,XRPUSDT,1747689775027,2.3789,17210.8,2.3698,5246.5
1747689775037,BTCUSDT,1747689775038,105275.90,6.587,5000.00,0.756
1747689775037,SOLUSDT,1747689775039,166.1600,415.95,159.0800,11.62
1747689775032,BTCUSDC,1747689775040,105408.4,0.477,101603.4,1.364
1747689775050,MOODENGUSDT,1747689775056,0.2466400,1373,0.2428200,326
1747689775048,1000PEPEUSDT,1747689775064,0.0133072,1369960,0.0105949,0
1747689775090,ETHUSDC,1747689775100,2543.19,31.940,2457.69,0.000
1747689775091,DOGEUSDT,1747689775117,0.224020,109966,0.222170,101992
1747689775125,ETHUSDT,1747689775126,2517.57,2.229,2482.68,40.067
1747689775124,XRPUSDT,1747689775134,2.3789,17210.9,2.3635,53935.3
1747689775138,BTCUSDT,1747689775139,105283.00,0.128,1000.00,64.028
1747689775134,SOLUSDT,1747689775140,165.7100,234.42,160.6500,239.25
1747689775118,BTCUSDC,1747689775143,105300.3,0.762,84240.2,0.002
1747689775157,MOODENGUSDT,1747689775158,0.2465800,0,0.2420800,1622
1747689775160,1000PEPEUSDT,1747689775166,0.0132479,302650,0.0132294,3062
1747689775208,ETHUSDC,1747689775213,2518.99,16.814,2457.69,38.268
1747689775226,ETHUSDT,1747689775227,2517.33,36.424,200.00,26.897
1747689775224,DOGEUSDT,1747689775233,0.224020,109957,0.179210,316
1747689775241,BTCUSDT,1747689775242,105286.40,0.462,5000.00,0.736
1747689775222,XRPUSDT,1747689775247,2.3789,17211.4,2.1409,41.1
1747689775232,BTCUSDC,1747689775253,105310.7,0.024,84240.2,0.000
1747689775225,SOLUSDT,1747689775258,165.7700,272.11,149.1300,11.15
1747689775247,MOODENGUSDT,1747689775259,0.2465700,0,0.2456800,2822
1747689775257,1000PEPEUSDT,1747689775270,0.0132582,22469,0.0119191,0
1747689775299,ETHUSDC,1747689775316,2543.19,31.940,,
1747689775322,ETHUSDT,1747689775328,2517.33,38.372,200.00,26.897
1747689775335,DOGEUSDT,1747689775344,0.224020,109832,0.179210,276
1747689775343,BTCUSDT,1747689775345,105284.70,0.042,5000.00,0.756
1747689775347,XRPUSDT,1747689775351,2.3791,7868.6,2.3598,11749.5
1747689775362,SOLUSDT,1747689775364,165.7100,235.51,132.5700,1.22
1747689775363,1000PEPEUSDT,1747689775373,0.0132504,307485,0.0122078,0
1747689775391,MOODENGUSDT,1747689775393,0.2466100,1339,0.2439600,1681
1747689775400,BTCUSDC,1747689775400,105408.4,0.477,105200.7,7.763
1747689775427,ETHUSDT,1747689775429,2517.31,0.000,2013.86,0.000
1747689775442,BTCUSDT,1747689775448,105281.20,0.188,1000.00,64.028
1747689775436,DOGEUSDT,1747689775450,0.224020,109081,0.218310,1094
1747689775451,XRPUSDT,1747689775452,2.3789,18023.9,2.3572,20834.5
1747689775470,1000PEPEUSDT,1747689775475,0.0132436,22483,0.0105949,661
1747689775450,SOLUSDT,1747689775477,165.7700,272.11,132.5700,1.16
1747689775470,ETHUSDC,1747689775486,2543.19,31.940,2481.15,145.336
1747689775460,MOODENGUSDT,1747689775495,0.2466800,4094,0.2415300,748
1747689775508,BTCUSDC,1747689775512,105417.8,0.043,101374.7,0.000
1747689775536,ETHUSDT,1747689775544,2517.32,0.000,200.00,26.897
1747689775549,BTCUSDT,1747689775550,105275.90,6.585,5000.00,0.756
1747689775552,DOGEUSDT,1747689775553,0.224020,109246,0.221780,11548
1747689775560,XRPUSDT,1747689775565,2.3789,18218.8,2.3731,6966.3
1747689775571,1000PEPEUSDT,1747689775579,0.0132645,159452,0.0105949,0
1747689775554,SOLUSDT,1747689775581,165.9800,1766.25,160.6500,239.25
1747689775588,MOODENGUSDT,1747689775598,0.2466200,777,,
1747689775599,ETHUSDC,1747689775603,2543.19,31.940,2479.15,4.062
1747689775633,BTCUSDC,1747689775636,105408.4,0.477,84240.2,0.002
1747689775651,ETHUSDT,1747689775651,2517.33,39.298,200.00,26.897
1747689775645,BTCUSDT,1747689775651,105282.60,0.166,5000.00,0.736
1747689775645,DOGEUSDT,1747689775656,0.224070,123026,0.218520,62439
1747689775664,XRPUSDT,1747689775675,2.3795,8287.2,,
1747689775678,1000PEPEUSDT,1747689775682,0.0132440,3732,0.0132242,977973
1747689775677,SOLUSDT,1747689775686,165.7800,682.14,164.3700,541.89
1747689775708,MOODENGUSDT,1747689775708,0.2466300,873,0.2420200,0
1747689775699,ETHUSDC,1747689775712,2518.93,0.112,2514.57,2.355
1747689775746,BTCUSDC,1747689775753,105300.3,2.774,84240.2,0.000
1747689775741,BTCUSDT,1747689775753,105275.80,0.000,1000.00,64.028
1747689775749,ETHUSDT,1747689775754,2517.57,0.034,2502.53,0.400
1747689775729,1000PEPEUSDT,1747689775786,0.0132648,691210,0.0132375,0
1747689775772,XRPUSDT,1747689775787,2.3790,14701.6,2.3633,24409.5
1747689775795,DOGEUSDT,1747689775803,0.224150,245897,0.179210,276
1747689775810,MOODENGUSDT,1747689775811,0.2467900,3989,,
1747689775826,ETHUSDC,1747689775827,2543.19,31.940,2014.54,0.000
1747689775813,SOLUSDT,1747689775840,165.7100,231.31,160.6500,237.83
1747689775842,BTCUSDC,1747689775855,105307.0,0.050,105200.8,0.000
1747689775853,BTCUSDT,1747689775855,105275.90,6.576,5000.00,0.756
1747689775856,ETHUSDT,1747689775858,2517.33,39.222,200.00,26.897
1747689775886,XRPUSDT,1747689775890,2.3789,18249.7,1.9031,412.5
1747689775871,1000PEPEUSDT,1747689775900,0.0133066,3576,0.0131758,9866
1747689775906,DOGEUSDT,1747689775908,0.224080,149008,0.206350,447248
1747689775910,MOODENGUSDT,1747689775914,0.2466500,4614,0.2400300,10889
1747689775928,SOLUSDT,1747689775942,165.8000,666.68,132.5700,1.22
1747689775949,ETHUSDC,1747689775953,2543.19,31.940,2458.80,39.405
1747689775957,BTCUSDT,1747689775957,105287.70,0.036,1000.00,64.178
1747689775944,ETHUSDT,1747689775960,2517.57,0.019,200.00,26.897
1747689775949,BTCUSDC,1747689775967,105316.1,0.023,105197.3,7.771
1747689775960,XRPUSDT,1747689775993,2.3789,18207.7,2.3695,11925.3
1747689775979,1000PEPEUSDT,1747689776004,0.0132570,230822,0.0131609,102893
1747689776008,DOGEUSDT,1747689776014,0.224050,99392,0.221780,54101
1747689776010,MOODENGUSDT,1747689776016,0.2467900,7209,,
1747689776046,SOLUSDT,1747689776048,170.7600,2.64,132.5700,1.16
1747689776058,BTCUSDT,1747689776059,105282.50,0.130,1000.00,64.028
1747689776062,ETHUSDT,1747689776062,2517.58,2.444,202.00,0.100
1747689776065,BTCUSDC,1747689776083,105280.0,0.000,105197.3,0.000
1747689776068,XRPUSDT,1747689776096,2.3790,14014.2,2.3592,169585.7
1747689776111,1000PEPEUSDT,1747689776112,0.0132436,0,0.0105949,0
1747689776106,DOGEUSDT,1747689776116,0.224160,213224,0.223110,566618
1747689776118,MOODENGUSDT,1747689776120,0.2466200,0,0.2420900,3259
1747689776049,ETHUSDC,1747689776151,2543.19,31.940,,
1747689776161,BTCUSDT,1747689776162,105282.50,0.004,5000.00,0.736
1747689776165,ETHUSDT,1747689776166,2517.57,0.019,200.00,26.897
1747689776177,BTCUSDC,1747689776185,,,103904.7,0.000
1747689776183,SOLUSDT,1747689776191,166.9400,2727.86,160.6500,237.83
1747689776196,XRPUSDT,1747689776198,2.3789,18249.7,2.1409,43.5
1747689776212,1000PEPEUSDT,1747689776214,0.0132438,0,0.0119196,0
1747689776212,MOODENGUSDT,1747689776222,0.2467500,3322,0.2347500,1047
1747689776206,DOGEUSDT,1747689776241,0.224070,122581,0.201610,9375
1747689776262,BTCUSDT,1747689776263,105275.80,0.000,1000.00,64.028
1747689776269,ETHUSDT,1747689776269,2517.33,39.229,200.00,26.897
1747689776269,SOLUSDT,1747689776293,165.7100,232.81,149.1300,11.15
1747689776286,BTCUSDC,1747689776297,105310.8,0.027,101516.7,0.000
1747689776259,ETHUSDC,1747689776298,2528.13,0.010,2479.15,0.034
1747689776291,XRPUSDT,1747689776300,2.3670,0.0,2.1409,41.1
1747689776315,1000PEPEUSDT,1747689776316,0.0132444,529,0.0128969,193564
1747689776299,MOODENGUSDT,1747689776324,0.2467900,3989,0.2219500,230
1747689776361,BTCUSDT,1747689776364,105275.80,0.000,1000.00,64.028
1747689776370,ETHUSDT,1747689776371,2517.57,0.019,2013.86,0.013
1747689776352,DOGEUSDT,1747689776384,0.224020,109244,0.179210,276
1747689776398,SOLUSDT,1747689776401,165.7100,229.04,160.6500,239.25
1747689776349,ETHUSDC,1747689776403,2528.12,0.000,2505.09,0.000
1747689776392,XRPUSDT,1747689776411,2.3791,11166.7,2.3751,20804.1
1747689776418,1000PEPEUSDT,1747689776419,0.0132441,530672,0.0125813,0
1747689776390,MOODENGUSDT,1747689776427,0.2467900,7209,0.2404400,789
1747689776407,BTCUSDC,1747689776439,105408.4,0.477,101516.7,1.170
1747689776461,BTCUSDT,1747689776467,105275.90,6.572,5000.00,0.736
1747689776469,ETHUSDT,1747689776472,2517.33,39.174,200.00,26.897
1747689776494,DOGEUSDT,1747689776495,0.224020,109285,0.223420,54089
1747689776505,XRPUSDT,1747689776513,2.3789,18167.2,2.3773,13957.1
1747689776517,1000PEPEUSDT,1747689776522,0.0132441,543138,0.0131870,2010
1747689776515,ETHUSDC,1747689776524,2518.53,6.748,2334.32,38.170
1747689776529,MOODENGUSDT,1747689776530,0.2465800,0,0.2425900,2185
1747689776528,SOLUSDT,1747689776535,165.7100,229.05,132.5700,1.16
1747689776542,BTCUSDC,1747689776543,105300.3,2.760,105200.7,7.772
1747689776566,BTCUSDT,1747689776568,105282.40,0.000,1000.00,64.028
1747689776569,ETHUSDT,1747689776574,2517.58,1.322,200.00,26.897
1747689776592,DOGEUSDT,1747689776597,0.224070,122518,0.219380,691915
1747689776613,XRPUSDT,1747689776615,2.3789,18167.1,2.3724,32023.0
1747689776618,1000PEPEUSDT,1747689776625,0.0132579,0,0.0130527,1708
1747689776594,ETHUSDC,1747689776629,2518.49,2.326,2465.90,0.020
1747689776599,MOODENGUSDT,1747689776633,0.2466600,2879,0.2342800,530
1747689776637,SOLUSDT,1747689776642,165.7600,785.03,152.9400,4.65
1747689776582,BTCUSDC,1747689776646,105309.9,0.000,105200.7,7.744
1747689776661,BTCUSDT,1747689776670,105281.20,0.000,1000.00,64.028
1747689776674,ETHUSDT,1747689776675,2517.33,39.150,2453.42,4.865
1747689776661,DOGEUSDT,1747689776699,0.224030,61431,0.222330,6198
1747689776711,XRPUSDT,1747689776718,2.3789,18209.1,2.3695,11925.3
1747689776711,1000PEPEUSDT,1747689776728,0.0132702,450,0.0131886,1909710
1747689776721,MOODENGUSDT,1747689776736,0.2467500,2481,0.2391800,1289
1747689776676,SOLUSDT,1747689776743,165.7400,534.46,152.9300,702.64
1747689776747,BTCUSDC,1747689776756,105405.9,5.151,101485.7,0.955
1747689776756,ETHUSDC,1747689776764,2519.15,6.811,2014.54,0.013
1747689776771,BTCUSDT,1747689776771,105284.30,0.098,5000.00,0.736
1747689776775,ETHUSDT,1747689776776,2517.33,39.209,200.00,26.897
1747689776768,DOGEUSDT,1747689776814,0.224040,73424,0.223810,208700
1747689776815,XRPUSDT,1747689776820,2.3790,13956.6,2.3680,67005.2
1747689776811,1000PEPEUSDT,1747689776833,0.0132509,815736,0.0105953,0
1747689776816,MOODENGUSDT,1747689776849,0.2466600,1987,0.2342800,103
1747689776851,ETHUSDC,1747689776869,2543.19,31.940,2014.54,0.000
1747689776871,BTCUSDT,1747689776872,105292.70,0.301,1000.00,64.028
1747689776873,SOLUSDT,1747689776874,165.7100,400.90,160.6500,239.25
1747689776881,ETHUSDT,1747689776882,2517.58,2.444,200.00,26.897
1747689776832,BTCUSDC,1747689776883,105408.4,0.477,105200.7,7.744
1747689776918,XRPUSDT,1747689776922,2.3790,14647.2,2.3786,11684.5
1747689776882,DOGEUSDT,1747689776923,0.224050,99347,0.179210,276
1747689776905,1000PEPEUSDT,1747689776935,0.0132515,622984,0.0131779,6519224
1747689776961,MOODENGUSDT,1747689776962,0.2488200,21926,0.2448900,3770
1747689776971,BTCUSDT,1747689776973,105283.50,0.002,1000.00,64.028
1747689776975,SOLUSDT,1747689776977,165.7100,555.31,165.2300,650.44
1747689776981,ETHUSDT,1747689776983,2517.58,0.234,2013.86,0.000
1747689776989,BTCUSDC,1747689777021,,,103791.4,0.481
1747689777016,XRPUSDT,1747689777025,2.3789,18191.9,2.3243,20451.9
1747689777022,1000PEPEUSDT,1747689777038,0.0132461,2311,0.0126078,591092
1747689777043,ETHUSDC,1747689777050,,,2467.37,48.148
1747689777060,MOODENGUSDT,1747689777067,0.2488600,4034,0.2401500,0
1747689777071,BTCUSDT,1747689777076,105275.90,6.580,5000.00,0.736
1747689777077,SOLUSDT,1747689777078,165.6900,661.95,132.5700,1.16
1747689777084,ETHUSDT,1747689777086,2517.58,0.234,200.00,27.047
1747689777138,XRPUSDT,1747689777139,2.3790,15294.0,2.3244,2684.7
1747689777138,1000PEPEUSDT,1747689777140,0.0132478,118034,0.0131634,37097
1747689777132,BTCUSDC,1747689777143,,,84240.2,0.002
1747689777151,ETHUSDC,1747689777152,2543.19,31.940,500.00,0.000
1747689777162,DOGEUSDT,1747689777164,0.224100,173029,0.219380,28096
1747689777178,BTCUSDT,1747689777179,105411.70,2.946,1000.00,64.028
1747689777176,SOLUSDT,1747689777180,165.6900,697.79,165.2700,242.17
1747689777184,ETHUSDT,1747689777188,2517.58,0.234,200.00,26.897
1747689777188,MOODENGUSDT,1747689777210,0.2468800,2606,0.2430000,99644
1747689777221,XRPUSDT,1747689777244,2.3790,16487.1,1.9083,108.5
1747689777234,1000PEPEUSDT,1747689777244,0.0132441,566903,0.0131886,1999717
1747689777232,BTCUSDC,1747689777250,105408.4,0.477,84240.2,0.000
1747689777243,ETHUSDC,1747689777256,2705.60,0.043,500.00,0.050
1747689777253,DOGEUSDT,1747689777266,0.224150,201117,0.201610,9375
1747689777277,SOLUSDT,1747689777282,165.6900,690.14,160.6300,5.23
1747689777281,BTCUSDT,1747689777282,105275.90,6.576,1000.00,64.028
1747689777283,ETHUSDT,1747689777290,2517.33,39.208,2265.59,0.000
1747689777310,MOODENGUSDT,1747689777317,0.2474300,30005,0.2456700,19275
1747689777323,1000PEPEUSDT,1747689777346,0.0132441,564298,0.0105953,0
1747689777342,XRPUSDT,1747689777348,2.3789,18192.8,1.9031,412.5
1747689777296,ETHUSDC,1747689777361,,,2014.54,0.000
1747689777375,DOGEUSDT,1747689777377,0.224020,108931,0.179210,276
1747689777383,BTCUSDT,1747689777384,105275.90,6.578,5000.00,0.736
1747689777362,SOLUSDT,1747689777385,165.6900,703.28,165.4400,258.31
1747689777332,BTCUSDC,1747689777389,,,105200.7,7.744
1747689777391,ETHUSDT,1747689777392,2516.80,0.000,200.00,26.897
1747689777420,MOODENGUSDT,1747689777421,0.2466100,0,0.2456200,7611
1747689777447,1000PEPEUSDT,1747689777449,0.0132454,297320,0.0125818,9255
1747689777445,XRPUSDT,1747689777451,2.3717,0.0,2.3598,11868.3
1747689777377,ETHUSDC,1747689777478,,,2336.02,59.332
1747689777449,DOGEUSDT,1747689777481,0.224020,109119,0.222170,88507
1747689777481,BTCUSDT,1747689777487,105411.70,2.946,1000.00,64.028
1747689777489,SOLUSDT,1747689777491,165.1800,0.00,160.6300,3.81
1747689777491,ETHUSDT,1747689777493,2517.33,39.302,2265.59,0.819
1747689777482,BTCUSDC,1747689777504,,,103720.7,2.842
1747689777523,MOODENGUSDT,1747689777524,0.2466800,1459,0.2441600,221
1747689777533,1000PEPEUSDT,1747689777551,0.0132452,64308,0.0132085,372763
1747689777555,XRPUSDT,1747689777557,2.3789,18176.5,2.3598,11870.5
1747689777589,BTCUSDT,1747689777590,105278.60,0.000,1000.00,64.028
1747689777570,ETHUSDC,1747689777592,2518.92,0.000,2489.72,0.000
1747689777573,DOGEUSDT,1747689777595,0.224050,99416,0.221780,11548
1747689777586,ETHUSDT,1747689777597,2517.54,0.785,2481.19,203.478
1747689777585,SOLUSDT,1747689777604,165.6900,703.93,132.5500,1.12
1747689777611,MOODENGUSDT,1747689777627,0.2467600,3900,0.2465800,6028
1747689777623,BTCUSDC,1747689777650,105408.4,0.477,105200.7,7.744
1747689777637,1000PEPEUSDT,1747689777654,0.0132441,567669,0.0131119,2336
1747689777655,XRPUSDT,1747689777660,2.3789,18175.6,2.3766,14557.4
1747689777681,BTCUSDT,1747689777691,105275.90,6.579,5000.00,0.736
1747689777690,ETHUSDT,1747689777698,2517.33,39.243,200.00,26.897
1747689777654,DOGEUSDT,1747689777699,0.224720,52474,0.212800,287230
1747689777712,SOLUSDT,1747689777714,165.6900,703.64,82.8600,0.25
1747689777711,MOODENGUSDT,1747689777730,0.2468100,17038,0.2451800,1799
1747689777732,BTCUSDC,1747689777753,105336.0,0.000,84240.2,0.000
1747689777732,1000PEPEUSDT,1747689777761,0.0132775,395692,0.0131115,233585
1747689777770,XRPUSDT,1747689777773,2.3789,18180.0,2.3690,2311.9
1747689777781,BTCUSDT,1747689777795,105278.20,0.004,1000.00,64.028
1747689777795,ETHUSDT,1747689777802,2517.34,0.790,2013.86,0.000
1747689777764,DOGEUSDT,1747689777802,0.224160,213224,0.212800,287137
1747689777808,MOODENGUSDT,1747689777833,0.2469000,7398,0.2379700,1554
1747689777828,SOLUSDT,1747689777846,165.6900,703.68,160.6300,3.81
1747689777858,ETHUSDC,1747689777859,2528.11,0.000,2014.54,0.000
1747689777856,1000PEPEUSDT,1747689777864,0.0132441,570689,0.0105953,661
1747689777828,XRPUSDT,1747689777877,2.3789,18161.3,2.3688,31626.0
1747689777890,BTCUSDT,1747689777898,105275.90,6.577,1000.00,64.028
1747689777910,ETHUSDT,1747689777912,2517.54,1.347,200.00,26.897
1747689777910,DOGEUSDT,1747689777918,0.224050,128479,0.179210,276
1747689777885,BTCUSDC,1747689777932,105408.4,0.477,104115.6,0.768
1747689777924,MOODENGUSDT,1747689777936,0.2466800,1016,0.2421300,283
1747689777931,SOLUSDT,1747689777949,165.6900,675.36,165.2200,3912.69
1747689777956,1000PEPEUSDT,1747689777967,0.0132462,80331,0.0105953,0
1747689777964,ETHUSDC,1747689777982,2518.18,19.831,2474.50,0.000
1747689777998,BTCUSDT,1747689777999,105275.90,6.558,5000.00,0.776
1747689778012,ETHUSDT,1747689778014,2517.33,39.307,200.00,26.897
1747689778008,XRPUSDT,1747689778019,2.3789,18160.9,2.1410,3745.0
1747689778011,DOGEUSDT,1747689778024,0.224530,521953,0.219380,28096
1747689778035,MOODENGUSDT,1747689778041,0.2467600,4710,0.2347400,21373
1747689778049,BTCUSDC,1747689778050,105324.0,0.002,101283.9,0.000
1747689778045,SOLUSDT,1747689778050,165.7000,395.98,132.5500,1.18
1747689778056,1000PEPEUSDT,1747689778070,0.0132476,0,0.0129357,0
1747689778076,ETHUSDC,1747689778087,2528.11,185.071,2491.73,28.054
1747689778101,BTCUSDT,1747689778101,105275.90,6.526,1000.00,64.028
1747689778116,ETHUSDT,1747689778117,2517.33,39.296,2487.98,22.222
1747689778121,XRPUSDT,1747689778123,2.3789,18146.5,2.3427,31637.5
1747689778106,DOGEUSDT,1747689778127,0.224530,521953,0.219380,28096
1747689778112,MOODENGUSDT,1747689778144,0.2469000,7547,0.2374700,28218
1747689778149,BTCUSDC,1747689778151,105300.3,2.698,101283.9,0.929
1747689778133,SOLUSDT,1747689778152,165.7100,433.47,132.5500,1.12
1747689778165,1000PEPEUSDT,1747689778174,0.0132443,914,0.0129124,72151
1747689778204,BTCUSDT,1747689778204,105275.90,6.531,1000.00,64.028
1747689778160,ETHUSDC,1747689778209,2543.19,31.940,,
1747689778223,ETHUSDT,1747689778224,2517.33,39.281,200.00,26.897
1747689778232,XRPUSDT,1747689778243,2.3790,15694.7,2.3620,1110.6
1747689778239,MOODENGUSDT,1747689778246,0.2469000,4467,0.2404200,6364
1747689778249,BTCUSDC,1747689778254,105300.3,2.712,105200.7,7.733
1747689778250,DOGEUSDT,1747689778268,0.224020,108770,0.201610,9375
1747689778267,1000PEPEUSDT,1747689778277,0.0132441,668140,0.0119196,0
1747689778267,SOLUSDT,1747689778291,165.7200,171.54,160.6300,3.81
1747689778304,BTCUSDT,1747689778305,105279.60,0.002,5000.00,0.756
1747689778324,ETHUSDC,1747689778325,2518.82,0.600,2014.54,0.013
1747689778325,ETHUSDT,1747689778325,2517.33,39.273,200.00,26.897
1747689778340,XRPUSDT,1747689778349,2.3789,18146.0,2.1409,41.1
1747689778324,MOODENGUSDT,1747689778349,0.2469000,4467,0.2445600,5193
1747689778373,DOGEUSDT,1747689778375,0.224190,46763,0.221780,11548
1747689778373,1000PEPEUSDT,1747689778380,0.0132468,191474,0.0105953,0
1747689778382,BTCUSDC,1747689778393,105300.3,2.698,105200.7,7.733
1747689778401,BTCUSDT,1747689778408,105275.90,5.690,1000.00,64.028
1747689778401,SOLUSDT,1747689778414,165.6900,632.46,165.6400,624.42
1747689778426,ETHUSDT,1747689778426,2517.33,41.096,2487.98,22.231
1747689778424,ETHUSDC,1747689778428,2518.18,20.301,2014.54,0.000
1747689778428,MOODENGUSDT,1747689778452,0.2467100,374,0.2446000,6715
1747689778453,XRPUSDT,1747689778461,2.3789,18151.7,1.9031,412.5
1747689778457,DOGEUSDT,1747689778476,0.224750,141600,0.179210,276
1747689778482,1000PEPEUSDT,1747689778483,0.0132434,41663,0.0121000,11962810
1747689778469,BTCUSDC,1747689778501,105310.8,0.027,101575.3,0.000
1747689778507,BTCUSDT,1747689778511,105275.90,6.214,1000.00,64.028
1747689778509,SOLUSDT,1747689778515,165.7100,434.47,160.6300,5.23
1747689778525,ETHUSDT,1747689778527,2517.33,41.081,200.00,26.897
1747689778538,ETHUSDC,1747689778543,,,2458.94,0.000
1747689778553,MOODENGUSDT,1747689778554,0.2466800,0,0.1726800,361
1747689778562,XRPUSDT,1747689778566,2.3789,18231.3,2.3724,32014.5
1747689778584,1000PEPEUSDT,1747689778585,0.0132434,42909,0.0132071,1448242
1747689778586,DOGEUSDT,1747689778599,0.224020,108734,0.208660,5939
1747689778563,BTCUSDC,1747689778609,105405.9,5.146,101575.3,0.877
1747689778619,BTCUSDT,1747689778620,105275.90,6.213,5000.00,0.756
1747689778615,SOLUSDT,1747689778623,165.6900,632.45,132.5500,1.18
1747689778628,ETHUSDT,1747689778629,2517.60,19.261,200.00,26.897
1747689778631,ETHUSDC,1747689778650,2543.19,31.940,2458.94,48.314
1747689778651,MOODENGUSDT,1747689778655,0.2467400,0,0.1727500,1272
1747689778661,1000PEPEUSDT,1747689778686,0.0132434,0,0.0122500,773316
1747689778680,XRPUSDT,1747689778700,2.3789,18266.8,2.3599,110207.3
1747689778688,DOGEUSDT,1747689778702,0.224040,73912,0.208670,26128
1747689778722,BTCUSDT,1747689778722,105282.50,0.130,1000.00,64.028
1747689778688,SOLUSDT,1747689778725,165.8600,431.20,132.5500,1.12
1747689778732,BTCUSDC,1747689778733,105381.9,0.357,103720.7,5.203
1747689778722,ETHUSDT,1747689778733,2519.23,3.185,2466.97,0.252
1747689778755,MOODENGUSDT,1747689778757,0.2468200,2911,0.2122200,61696
1747689778749,ETHUSDC,1747689778773,2543.19,31.940,2516.68,0.795
1747689778787,1000PEPEUSDT,1747689778789,0.0132440,12496,0.0132182,311111
1747689778764,XRPUSDT,1747689778804,2.3815,13071.4,2.3692,8506.2
1747689778800,DOGEUSDT,1747689778809,0.224020,108760,0.223670,140789
1747689778821,BTCUSDT,1747689778823,105275.60,0.000,1000.00,64.028
1747689778835,ETHUSDT,1747689778840,2517.33,41.068,200.00,26.897
1747689778850,BTCUSDC,1747689778850,105408.4,0.477,105200.7,7.729
1747689778858,MOODENGUSDT,1747689778860,0.2468000,420,0.2410400,680
1747689778850,ETHUSDC,1747689778878,2519.27,0.000,2514.25,0.000
1747689778890,SOLUSDT,1747689778891,165.7100,434.47,160.6300,5.23
1747689778890,1000PEPEUSDT,1747689778892,0.0132440,148377,0.0131866,2295787
1747689778913,XRPUSDT,1747689778914,2.3790,21718.2,2.3598,11868.3
1747689778914,DOGEUSDT,1747689778921,0.224020,108711,0.179210,316
1747689778925,BTCUSDT,1747689778926,105282.50,0.004,5000.00,0.736
1747689778942,ETHUSDT,1747689778943,2517.60,19.261,200.00,26.897
1747689778953,MOODENGUSDT,1747689778962,0.2468700,9530,0.2445300,3335
1747689778981,SOLUSDT,1747689778994,165.6900,632.45,162.6000,528.58
1747689778983,1000PEPEUSDT,1747689778995,0.0132440,11250,0.0132083,295557
1747689778983,ETHUSDC,1747689778998,2518.18,20.302,2014.54,0.000
1747689779012,XRPUSDT,1747689779017,2.3789,18249.8,2.3600,193833.5
1747689779021,BTCUSDT,1747689779027,105275.90,6.205,1000.00,64.028
1747689779027,BTCUSDC,1747689779033,105408.4,0.477,84240.2,0.000
1747689779042,DOGEUSDT,1747689779043,0.224030,61458,0.179210,276
1747689779046,ETHUSDT,1747689779047,2517.33,41.004,2441.84,0.000
1747689779079,MOODENGUSDT,1747689779089,0.2471300,6837,0.2465100,6049
1747689779069,1000PEPEUSDT,1747689779099,0.0132440,12496,0.0105952,661
1747689779101,SOLUSDT,1747689779111,165.7100,420.47,160.6300,3.81
1747689779111,XRPUSDT,1747689779121,2.3790,21401.2,2.3598,11749.5
1747689779121,BTCUSDT,1747689779130,105281.20,0.000,1000.00,64.028
1747689779115,BTCUSDC,1747689779142,105300.2,0.000,101342.2,1.172
1747689779146,ETHUSDT,1747689779148,2517.33,39.739,200.00,26.897
1747689779149,ETHUSDC,1747689779150,2543.19,31.940,2474.10,7.124
1747689779173,DOGEUSDT,1747689779184,0.224020,108546,0.221780,54101
1747689779189,MOODENGUSDT,1747689779190,0.2467900,2292,0.2286400,0
1747689779173,1000PEPEUSDT,1747689779202,0.0132440,14355,0.0105952,0
1747689779205,SOLUSDT,1747689779216,165.6900,632.47,132.5500,1.12
1747689779217,XRPUSDT,1747689779222,2.3789,12450.0,2.3599,109868.1
1747689779231,BTCUSDT,1747689779233,105278.20,0.000,5000.00,0.736
1747689779242,BTCUSDC,1747689779250,105408.4,0.477,101506.7,0.927
1747689779247,ETHUSDT,1747689779252,2517.33,40.034,200.00,26.897
1747689779276,DOGEUSDT,1747689779289,0.224020,108632,0.201610,9375
1747689779287,MOODENGUSDT,1747689779292,0.2467800,1985,0.2324100,10757
1747689779275,ETHUSDC,1747689779294,2518.18,20.310,2479.28,4.285
1747689779310,1000PEPEUSDT,1747689779313,0.0132440,111833,0.0119195,0
1747689779318,XRPUSDT,1747689779325,2.3789,12407.7,2.1409,41.1
1747689779321,SOLUSDT,1747689779326,165.6900,630.26,160.6300,5.23
1747689779329,BTCUSDT,1747689779335,105275.90,4.571,1000.00,64.028
1747689779345,BTCUSDC,1747689779353,105327.9,0.000,101603.4,1.364
1747689779355,ETHUSDT,1747689779355,2517.33,40.046,2013.86,0.000
1747689779329,ETHUSDC,1747689779400,2543.19,31.940,2481.57,6.680
1747689779402,MOODENGUSDT,1747689779403,0.2461000,0,0.2382800,152
1747689779402,DOGEUSDT,1747689779405,0.224020,87814,0.179210,316
1747689779411,1000PEPEUSDT,1747689779414,0.0132440,111423,0.0131780,1283113
1747689779431,XRPUSDT,1747689779432,2.3790,19164.7,2.3534,139.0
1747689779388,SOLUSDT,1747689779432,165.6900,630.26,162.9400,312.06
1747689779437,BTCUSDT,1747689779437,105284.70,0.116,1000.00,64.028
1747689779449,BTCUSDC,1747689779456,105408.4,0.477,105200.7,7.729
1747689779455,ETHUSDT,1747689779461,2517.54,0.574,200.00,26.897
1747689779495,MOODENGUSDT,1747689779505,0.2468100,22,0.2415900,89
1747689779498,DOGEUSDT,1747689779507,0.224020,87752,0.179210,276
1747689779511,1000PEPEUSDT,1747689779517,0.0132440,233310,0.0132289,740121
1747689779497,ETHUSDC,1747689779524,2528.10,0.000,2014.54,0.000
1747689779531,XRPUSDT,1747689779533,2.3789,12404.2,2.3464,9476.1
1747689779511,SOLUSDT,1747689779535,165.6900,664.41,160.6300,3.81
1747689779537,BTCUSDT,1747689779538,105275.90,4.569,5000.00,0.736
1747689779553,ETHUSDT,1747689779565,2517.58,0.234,200.00,26.897
1747689779570,BTCUSDC,1747689779583,105408.4,0.477,84240.2,0.000
1747689779603,MOODENGUSDT,1747689779608,0.2468200,25,0.2393600,54
1747689779606,DOGEUSDT,1747689779610,0.224050,99347,0.218750,777506
1747689779611,1000PEPEUSDT,1747689779622,0.0132440,234820,0.0132400,1103165
1747689779628,XRPUSDT,1747689779634,2.3789,12395.9,1.9031,416.2
1747689779638,BTCUSDT,1747689779639,105275.90,3.389,1000.00,64.028
1747689779649,ETHUSDC,1747689779650,2518.88,0.023,2457.69,38.268
1747689779641,SOLUSDT,1747689779650,165.6900,605.05,132.5500,1.18
1747689779663,ETHUSDT,1747689779669,2517.33,30.398,2457.22,0.586
1747689779677,BTCUSDC,1747689779686,105307.0,0.032,105200.7,7.754
1747689779706,MOODENGUSDT,1747689779709,0.2460600,0,0.2108500,0
1747689779712,DOGEUSDT,1747689779713,0.224020,32422,0.222330,6152
1747689779723,1000PEPEUSDT,1747689779725,0.0132440,0,0.0132089,0
1747689779737,XRPUSDT,1747689779738,2.3789,5349.8,1.9031,412.5
1747689779739,BTCUSDT,1747689779740,105275.90,0.000,5000.00,0.756
1747689779750,ETHUSDC,1747689779751,2518.18,0.000,2475.61,70.598
1747689779751,SOLUSDT,1747689779752,165.6900,0.00,132.5500,1.12
1747689779771,ETHUSDT,1747689779772,2517.33,0.000,200.00,26.897
1747689779789,BTCUSDC,1747689779790,105300.3,0.000,101374.7,0.000
1747689779808,MOODENGUSDT,1747689779810,0.2468100,0,0.2270200,6607
1747689779811,DOGEUSDT,1747689779814,0.224020,0,0.217630,3020
1747689779824,1000PEPEUSDT,1747689779826,0.0132446,0,0.0130594,0
1747689779840,BTCUSDT,1747689779841,105282.50,0.115,5000.00,0.776
1747689779842,XRPUSDT,1747689779845,2.3789,6065.2,2.3258,11782.6
1747689779850,ETHUSDC,1747689779852,2518.24,0.000,2485.33,0.000
1747689779852,SOLUSDT,1747689779853,165.7100,92.72,165.1700,64.81
1747689779872,ETHUSDT,1747689779873,2517.33,0.000,200.00,26.897
1747689779888,BTCUSDC,1747689779891,105312.0,0.363,101339.1,0.000
1747689779911,MOODENGUSDT,1747689779912,0.2468500,640,0.1728100,7109
1747689779913,DOGEUSDT,1747689779915,0.224040,86573,0.222380,44818
1747689779927,1000PEPEUSDT,1747689779928,0.0132441,243954,0.0131792,1974
1747689779941,BTCUSDT,1747689779942,105282.50,0.000,1000.00,64.028
1747689779946,XRPUSDT,1747689779947,2.3789,14367.3,2.1410,4616.2
1747689779944,ETHUSDC,1747689779953,2518.18,26.040,2481.15,181.558
1747689779949,SOLUSDT,1747689779954,165.7100,52.14,160.6500,239.25
1747689779973,ETHUSDT,1747689779974,2517.21,105.352,2460.29,0.020
1747689779991,BTCUSDC,1747689779992,105312.0,0.944,101339.1,1.172
1747689780009,MOODENGUSDT,1747689780015,0.2468600,1561,0.2387700,3802
1747689780014,DOGEUSDT,1747689780016,0.224030,61884,0.222670,41623
1747689780017,1000PEPEUSDT,1747689780030,0.0132441,101246,0.0132178,181341
1747689780042,BTCUSDT,1747689780044,105286.00,7.477,5000.00,0.736
1747689780043,XRPUSDT,1747689780048,2.3789,13148.0,2.3491,47112.5
1747689780047,ETHUSDC,1747689780055,2518.18,26.052,2482.92,36.116
1747689780050,SOLUSDT,1747689780057,165.7100,3.04,160.7300,27.21
1747689780074,ETHUSDT,1747689780075,2517.21,17.885,200.00,26.897
1747689780098,BTCUSDC,1747689780099,105314.0,0.075,105262.9,0.000
1747689780117,MOODENGUSDT,1747689780118,0.2468500,662,0.2352600,554
1747689780119,DOGEUSDT,1747689780120,0.224030,61958,0.177760,5868
1747689780132,1000PEPEUSDT,1747689780133,0.0132478,472057,0.0098812,45085
1747689780142,BTCUSDT,1747689780146,105286.00,7.007,5000.00,0.736
1747689780149,XRPUSDT,1747689780151,2.3791,15199.3,2.1217,38.8
1747689780139,ETHUSDC,1747689780156,2518.45,0.600,2458.80,1.155
1747689780160,SOLUSDT,1747689780161,165.7100,0.00,143.2000,50.94
1747689780173,ETHUSDT,1747689780176,2517.21,13.707,200.00,26.897
1747689780200,BTCUSDC,1747689780208,105315.0,0.003,105187.0,0.000
1747689780219,MOODENGUSDT,1747689780221,0.2468100,0,0.2327800,1704
1747689780225,DOGEUSDT,1747689780225,0.224080,124259,0.148690,5789
1747689780232,1000PEPEUSDT,1747689780237,0.0132441,99735,0.0098761,0
1747689780249,BTCUSDT,1747689780249,105286.00,7.000,1000.00,64.028
1747689780256,XRPUSDT,1747689780257,2.3670,0.0,2.1406,136.4
1747689780263,SOLUSDT,1747689780264,165.7200,11.72,143.1200,24.94
1747689780275,ETHUSDT,1747689780277,2517.21,10.587,2265.48,0.036
1747689780308,BTCUSDC,1747689780309,105312.0,0.000,104903.8,0.000
1747689780322,MOODENGUSDT,1747689780323,0.2468200,0,0.2364300,6225
1747689780325,DOGEUSDT,1747689780326,0.224030,0,0.148620,0
1747689780327,ETHUSDC,1747689780333,2518.18,4.295,2458.80,39.405
1747689780338,1000PEPEUSDT,1747689780339,0.0132441,0,0.0088155,0
1747689780349,BTCUSDT,1747689780350,105286.00,0.000,5000.00,0.756
1747689780358,XRPUSDT,1747689780359,2.3789,0.0,2.0505,115.6
1747689780365,SOLUSDT,1747689780366,165.7200,0.00,110.0300,1.00
1747689780379,ETHUSDT,1747689780380,2517.21,0.000,200.00,26.897
1747689780409,BTCUSDC,1747689780410,105312.1,0.000,104787.0,0.000
1747689780413,MOODENGUSDT,1747689780425,0.2468500,1206,0.2245900,7281
1747689780427,DOGEUSDT,1747689780428,0.224040,0,0.215670,31633
1747689780433,ETHUSDC,1747689780434,2518.18,0.000,2485.36,0.000
1747689780439,1000PEPEUSDT,1747689780441,0.0132458,0,0.0092721,540
1747689780450,BTCUSDT,1747689780451,105300.50,0.000,5000.00,0.756
1747689780459,XRPUSDT,1747689780460,2.3791,12274.8,2.1627,3976.0
1747689780464,SOLUSDT,1747689780467,165.7400,0.00,116.0100,10.95
1747689780480,ETHUSDT,1747689780481,2517.29,0.000,200.00,26.897
1747689780508,BTCUSDC,1747689780511,105300.2,0.000,101516.7,0.000
1747689780519,MOODENGUSDT,1747689780528,0.2468000,540,0.2398400,8031
1747689780524,DOGEUSDT,1747689780532,0.224060,86938,0.214900,47585
1747689780520,ETHUSDC,1747689780535,2518.26,35.928,2266.59,0.016
1747689780541,1000PEPEUSDT,1747689780542,0.0132461,0,0.0092721,0
1747689780551,BTCUSDT,1747689780552,105275.90,0.000,1000.00,64.028
1747689780559,XRPUSDT,1747689780561,2.3791,16448.8,2.2883,28096.1
1747689780567,SOLUSDT,1747689780568,165.7500,131.58,116.0200,0.00
1747689780582,ETHUSDT,1747689780582,2517.40,66.692,2406.31,3.496
1747689780612,BTCUSDC,1747689780613,105332.0,0.698,101516.7,1.170
1747689780632,DOGEUSDT,1747689780633,0.224080,40461,0.215890,16439
1747689780627,MOODENGUSDT,1747689780634,0.2468000,0,0.2360900,154
1747689780637,ETHUSDC,1747689780638,2518.26,35.940,2480.23,0.372
1747689780632,1000PEPEUSDT,1747689780644,0.0132463,16787,0.0115071,0
1747689780655,BTCUSDT,1747689780655,105304.60,9.206,5000.00,0.736
1747689780661,XRPUSDT,1747689780662,2.3792,6397.0,2.2848,220.9
1747689780664,SOLUSDT,1747689780669,165.7500,131.52,159.9000,180.35
1747689780682,ETHUSDT,1747689780683,2517.40,66.704,200.00,26.897
1747689780712,BTCUSDC,1747689780715,105332.9,0.005,105176.0,0.070
1747689780736,DOGEUSDT,1747689780737,0.224060,87297,0.222820,426846
1747689780725,MOODENGUSDT,1747689780737,0.2468200,0,0.2357300,99
1747689780739,ETHUSDC,1747689780749,2518.26,36.011,2334.32,0.000
1747689780746,1000PEPEUSDT,1747689780748,0.0132463,116787,0.0129148,83373
1747689780755,BTCUSDT,1747689780756,105304.60,9.398,5000.00,0.736
1747689780765,XRPUSDT,1747689780767,2.3791,17268.8,2.3317,250.6
1747689780773,SOLUSDT,1747689780778,165.7500,153.42,160.6900,15.71
1747689780784,ETHUSDT,1747689780786,2517.40,72.981,200.00,26.897
1747689780815,BTCUSDC,1747689780816,105332.0,1.283,105035.8,0.000
1747689780837,MOODENGUSDT,1747689780840,0.2468100,2296,0.2392200,12858
1747689780833,DOGEUSDT,1747689780841,0.224050,84532,0.222390,369086
1747689780843,1000PEPEUSDT,1747689780851,0.0132463,115277,0.0126863,63660
1747689780839,ETHUSDC,1747689780855,2518.29,1.743,2334.32,38.170
1747689780856,BTCUSDT,1747689780858,105304.60,9.572,1000.00,64.028
1747689780855,XRPUSDT,1747689780868,2.3791,19880.7,2.2650,56346.9
1747689780885,SOLUSDT,1747689780888,165.7500,154.32,132.6000,5.49
1747689780888,ETHUSDT,1747689780889,2517.40,73.481,2380.00,947.296
1747689780917,BTCUSDC,1747689780917,105335.3,0.074,105200.7,0.001
1747689780943,DOGEUSDT,1747689780944,0.224030,117959,0.215060,1130
1747689780942,MOODENGUSDT,1747689780943,0.2467800,248,0.2245900,11515
1747689780954,1000PEPEUSDT,1747689780955,0.0132450,1646120,0.0131611,682803
1747689780958,BTCUSDT,1747689780959,104251.50,0.000,5000.00,0.736
1747689780966,ETHUSDC,1747689780967,2518.03,34.999,2465.90,0.020
1747689780971,XRPUSDT,1747689780973,2.3791,24490.9,2.2757,1633.1
1747689780989,SOLUSDT,1747689780992,165.7500,230.63,132.6000,5.43
1747689780995,ETHUSDT,1747689780996,2516.85,86.017,200.00,26.897
1747689781018,BTCUSDC,1747689781020,105332.0,1.284,101485.7,0.028
1747689781043,MOODENGUSDT,1747689781044,0.2467600,0,0.2430100,403
1747689781043,DOGEUSDT,1747689781045,0.224020,106082,0.222360,1024939
1747689781055,1000PEPEUSDT,1747689781056,0.0132450,1715832,0.0126891,504371
1747689781060,BTCUSDT,1747689781060,105304.60,9.831,5000.00,0.736
1747689781067,ETHUSDC,1747689781068,2517.85,35.239,2392.28,1.317
1747689781073,XRPUSDT,1747689781074,2.3670,0.0,1.6650,52.3
1747689781091,SOLUSDT,1747689781095,165.7500,422.90,160.7700,88.50
1747689781096,ETHUSDT,1747689781097,2516.85,24.397,199.99,0.204
1747689781119,BTCUSDC,1747689781122,105334.0,0.077,101485.7,0.955
1747689781143,MOODENGUSDT,1747689781145,0.2468100,0,0.2412500,2674
1747689781143,DOGEUSDT,1747689781146,0.224020,106437,0.209060,8798
1747689781156,1000PEPEUSDT,1747689781157,0.0132450,1622567,0.0107276,343208
1747689781160,BTCUSDT,1747689781161,105304.60,9.728,1000.00,64.028
1747689781166,ETHUSDC,1747689781171,2517.85,28.923,2392.28,0.000
1747689781175,XRPUSDT,1747689781175,2.3788,18128.9,2.1647,31878.2
1747689781194,SOLUSDT,1747689781196,165.7500,234.34,150.7700,204.86
1747689781198,ETHUSDT,1747689781198,2516.85,14.218,199.99,0.102
1747689781232,BTCUSDC,1747689781232,105334.5,0.000,105198.0,0.207
1747689781220,MOODENGUSDT,1747689781246,0.2468100,59,0.2462900,4094
1747689781247,DOGEUSDT,1747689781247,0.224020,33264,0.200120,5832
1747689781259,1000PEPEUSDT,1747689781261,0.0132450,1507568,0.0107276,433815
1747689781262,BTCUSDT,1747689781262,105304.60,8.730,5000.00,0.736
1747689781267,XRPUSDT,1747689781276,2.3787,22264.1,2.1407,4.8
1747689781289,ETHUSDC,1747689781291,2517.85,29.019,2467.73,7.082
1747689781297,SOLUSDT,1747689781298,165.7500,243.74,150.7700,211.30
1747689781296,ETHUSDT,1747689781299,2516.85,21.523,200.00,26.897
1747689781333,BTCUSDC,1747689781334,105338.9,0.077,103883.6,0.000
1747689781346,MOODENGUSDT,1747689781348,0.2468100,1102,0.2396600,73
1747689781353,DOGEUSDT,1747689781355,0.224020,55799,0.217340,73387
1747689781363,1000PEPEUSDT,1747689781363,0.0132450,2260226,0.0120520,69256403
1747689781364,BTCUSDT,1747689781365,104251.50,0.000,1000.00,64.028
1747689781380,XRPUSDT,1747689781380,2.3787,24317.0,2.1647,387860.6
1747689781393,ETHUSDC,1747689781394,2517.87,0.000,2481.57,0.000
1747689781389,SOLUSDT,1747689781400,165.7500,244.24,154.9200,2467.76
1747689781397,ETHUSDT,1747689781400,2516.85,25.475,2348.98,0.036
1747689781434,BTCUSDC,1747689781437,105336.0,0.065,105217.8,7.731
1747689781449,MOODENGUSDT,1747689781453,0.2468000,4149,0.2401000,12417
1747689781449,DOGEUSDT,1747689781457,0.224020,32085,0.214910,39809
1747689781461,BTCUSDT,1747689781466,105304.60,10.031,1000.00,64.028
1747689781452,1000PEPEUSDT,1747689781466,0.0132454,209489,0.0127374,0
1747689781474,XRPUSDT,1747689781482,2.3787,24403.5,2.2754,2228.2
1747689781490,ETHUSDC,1747689781496,2517.98,0.300,2511.45,0.203
1747689781499,SOLUSDT,1747689781502,165.7500,230.89,159.0900,65.52
1747689781501,ETHUSDT,1747689781502,2516.85,25.487,2265.16,0.819
1747689781546,BTCUSDC,1747689781553,105336.0,0.069,103826.0,0.492
1747689781545,MOODENGUSDT,1747689781556,0.2468000,5158,0.2387700,2547
1747689781554,DOGEUSDT,1747689781561,0.224020,1088,0.222660,4758
1747689781563,1000PEPEUSDT,1747689781567,0.0132450,2024156,0.0132080,854467
1747689781566,BTCUSDT,1747689781569,105304.60,9.842,5000.00,0.736
1747689781550,XRPUSDT,1747689781584,2.3787,24669.1,2.3660,4788.4
1747689781601,ETHUSDT,1747689781603,2516.85,1.295,200.00,26.897
1747689781601,SOLUSDT,1747689781603,165.7500,94.68,132.6000,5.43
1747689781622,ETHUSDC,1747689781623,2517.85,28.948,2336.02,0.000
1747689781653,BTCUSDC,1747689781657,105375.5,0.190,105266.6,0.002
1747689781645,MOODENGUSDT,1747689781658,0.2468000,5772,0.2303700,254
1747689781656,1000PEPEUSDT,1747689781669,0.0132450,981980,0.0105960,1234
1747689781664,DOGEUSDT,1747689781669,0.224030,31281,0.223270,739730
1747689781671,BTCUSDT,1747689781672,105304.60,9.840,1000.00,64.028
1747689781683,XRPUSDT,1747689781687,2.3786,0.0,2.2849,4073.7
1747689781703,ETHUSDT,1747689781705,2516.85,0.000,2265.16,0.000
1747689781705,SOLUSDT,1747689781707,165.7500,14.05,164.4100,7.38
1747689781688,ETHUSDC,1747689781724,2517.88,0.000,2336.02,59.332
1747689781761,MOODENGUSDT,1747689781761,0.2468000,0,0.2406700,867
1747689781766,BTCUSDC,1747689781767,105332.0,1.285,105214.4,0.000
1747689781735,1000PEPEUSDT,1747689781772,0.0132450,934889,0.0131652,444520
1747689781773,DOGEUSDT,1747689781773,0.224020,0,0.215020,27647
1747689781772,BTCUSDT,1747689781773,105304.60,9.851,1000.00,64.028
1747689781782,XRPUSDT,1747689781793,2.3789,19052.1,1.9029,5744.0
1747689781804,ETHUSDT,1747689781807,2516.94,64.240,2436.13,1.509
1747689781821,SOLUSDT,1747689781822,165.7500,128.01,160.2200,60.07
1747689781818,ETHUSDC,1747689781826,2517.85,24.267,2457.80,48.336
1747689781861,MOODENGUSDT,1747689781862,0.2468100,1941,0.2423200,12112
1747689781870,BTCUSDC,1747689781872,105332.0,0.797,104800.8,0.650
1747689781865,1000PEPEUSDT,1747689781875,0.0132538,315322,0.0125826,18070
1747689781875,BTCUSDT,1747689781875,105304.70,0.009,5000.00,0.736
1747689781852,DOGEUSDT,1747689781880,0.224090,97348,0.221730,10985
1747689781863,XRPUSDT,1747689781897,2.3788,21910.7,2.3432,6830.6
1747689781911,ETHUSDT,1747689781913,2516.94,51.321,200.00,26.897
1747689781912,SOLUSDT,1747689781929,165.7500,94.73,161.6100,624.06
1747689781933,ETHUSDC,1747689781937,2518.20,3.994,2515.79,0.993
1747689781971,BTCUSDT,1747689781976,104251.50,0.000,1000.00,64.028
1747689781945,1000PEPEUSDT,1747689781978,0.0132577,596851,0.0132202,4463685
1747689781977,BTCUSDC,1747689781979,105332.0,1.048,105217.8,7.494
1747689781987,MOODENGUSDT,1747689781988,0.2468100,0,0.2363400,20938
1747689781989,DOGEUSDT,1747689781998,0.224130,403339,0.215560,28606
1747689781983,XRPUSDT,1747689781999,2.3787,24273.3,2.1408,941.8
1747689782008,ETHUSDT,1747689782014,2480.59,0.000,2399.03,1.002
1747689782018,ETHUSDC,1747689782040,2518.74,3.979,2514.25,0.000
1747689782020,SOLUSDT,1747689782042,165.7500,168.12,160.3800,532.80
1747689782075,BTCUSDT,1747689782077,105304.10,0.000,1000.00,64.028
1747689782045,1000PEPEUSDT,1747689782081,0.0132487,323460,0.0132242,936944
1747689782081,BTCUSDC,1747689782082,105332.0,1.304,105211.0,7.494
1747689782078,MOODENGUSDT,1747689782090,0.2469000,0,0.2371500,12832
1747689782097,XRPUSDT,1747689782101,2.3787,22579.2,2.3451,20945.9
1747689782079,DOGEUSDT,1747689782102,0.224040,64693,0.223210,649318
1747689782113,ETHUSDT,1747689782116,2517.21,7.465,200.00,26.897
1747689782132,ETHUSDC,1747689782146,2518.29,1.361,2014.28,0.039
1747689782149,SOLUSDT,1747689782150,165.7800,679.13,132.6000,5.43
1747689782179,BTCUSDT,1747689782179,105304.60,9.574,999.90,0.612
1747689782151,1000PEPEUSDT,1747689782184,0.0132468,67880,0.0105960,1234
1747689782186,BTCUSDC,1747689782189,107122.6,0.922,103854.6,0.000
1747689782187,MOODENGUSDT,1747689782193,0.2468400,1261,0.2367500,25326
1747689782200,DOGEUSDT,1747689782205,0.224030,55367,0.213540,5177
1747689782202,XRPUSDT,1747689782209,2.3787,27858.0,2.2938,1742.0
1747689782210,ETHUSDT,1747689782218,2516.94,51.329,200.00,26.897
1747689782246,SOLUSDT,1747689782253,1657.5000,0.04,161.4100,140.26
1747689782243,ETHUSDC,1747689782255,2518.20,4.065,2014.28,0.026
1747689782279,BTCUSDT,1747689782280,105304.60,9.583,1000.00,64.028
1747689782257,1000PEPEUSDT,1747689782285,0.0132450,1011207,0.0119204,0
1747689782293,MOODENGUSDT,1747689782296,0.2469100,5791,0.2367500,12697
1747689782283,BTCUSDC,1747689782299,105349.8,0.000,105214.4,0.000
1747689782262,DOGEUSDT,1747689782311,0.224110,186235,0.201620,5798
1747689782274,XRPUSDT,1747689782312,2.3787,28488.9,2.0025,621.7
1747689782324,ETHUSDT,1747689782324,2517.20,31.001,2265.24,0.000
1747689782355,SOLUSDT,1747689782356,165.8300,825.66,159.5000,1289.37
1747689782360,ETHUSDC,1747689782364,2517.85,24.235,2489.85,91.554
1747689782382,BTCUSDT,1747689782382,104251.50,0.000,1000.00,64.028
1747689782362,1000PEPEUSDT,1747689782388,0.0133127,380021,0.0131775,377179
1747689782392,DOGEUSDT,1747689782415,0.224040,69167,0.179220,40
1747689782419,XRPUSDT,1747689782420,2.3787,28489.3,2.3041,9433.8
1747689782423,ETHUSDT,1747689782426,2516.84,0.000,200.00,26.897
1747689782387,BTCUSDC,1747689782428,105332.0,1.305,105217.8,7.494
1747689782420,MOODENGUSDT,1747689782445,0.2469200,3977,0.2347800,368
1747689782457,SOLUSDT,1747689782461,165.7500,61.64,165.0500,690.29
1747689782477,ETHUSDC,1747689782483,2517.85,26.014,2477.54,14.151
1747689782481,BTCUSDT,1747689782487,105304.60,9.585,5000.00,0.756
1747689782468,1000PEPEUSDT,1747689782490,0.0132450,1157549,0.0127538,347724
1747689782476,XRPUSDT,1747689782525,2.3787,28498.9,2.1483,1086.0
1747689782518,DOGEUSDT,1747689782527,0.224030,55414,0.179220,0
1747689782527,ETHUSDT,1747689782528,2516.94,51.631,200.00,26.897
1747689782532,BTCUSDC,1747689782533,105332.0,1.596,105214.4,7.494
1747689782542,MOODENGUSDT,1747689782547,0.2468300,0,0.2355600,1461
1747689782567,SOLUSDT,1747689782568,165.7500,135.90,160.6900,17.13
1747689782588,BTCUSDT,1747689782589,104251.50,0.000,1000.00,64.028
1747689782571,1000PEPEUSDT,1747689782592,0.0132455,817,0.0131773,380
1747689782585,ETHUSDC,1747689782607,2517.85,26.022,2511.45,0.000
1747689782627,XRPUSDT,1747689782627,2.3787,28500.8,2.3583,14930.3
1747689782618,ETHUSDT,1747689782629,2516.94,57.173,2422.07,3.568
1747689782630,DOGEUSDT,1747689782631,0.224030,56412,0.210310,16448
1747689782635,BTCUSDC,1747689782636,,,102409.3,0.005
1747689782650,MOODENGUSDT,1747689782650,0.2468400,0,0.2456300,1190
1747689782669,SOLUSDT,1747689782670,165.7500,139.38,132.6000,5.43
1747689782688,BTCUSDT,1747689782692,105304.70,0.009,1000.00,64.028
1747689782689,1000PEPEUSDT,1747689782695,0.0132604,624593,0.0105960,1234
1747689782728,XRPUSDT,1747689782730,2.3791,29688.0,2.3378,5796.2
1747689782724,ETHUSDT,1747689782732,2517.00,0.027,200.00,26.897
1747689782711,DOGEUSDT,1747689782734,0.224060,65423,0.218420,46004
1747689782692,ETHUSDC,1747689782734,2517.85,31.971,2014.28,0.026
1747689782737,BTCUSDC,1747689782741,105339.9,0.118,105214.4,0.000
1747689782726,MOODENGUSDT,1747689782752,0.2471100,20910,0.2221400,6385
1747689782768,SOLUSDT,1747689782771,165.7900,944.28,160.6900,15.71
1747689782791,BTCUSDT,1747689782794,104251.50,0.000,5000.00,0.736
1747689782780,1000PEPEUSDT,1747689782798,0.0132450,1159060,0.0132203,172737
1747689782817,XRPUSDT,1747689782832,2.3787,28534.7,2.2978,1665.1
1747689782835,ETHUSDT,1747689782836,2516.94,59.170,200.00,26.897
1747689782838,BTCUSDC,1747689782843,105336.4,0.001,101575.3,0.000
1747689782838,ETHUSDC,1747689782847,2518.43,1.004,2515.74,10.773
1747689782841,DOGEUSDT,1747689782853,0.224090,166352,0.217430,10774
1747689782853,MOODENGUSDT,1747689782854,0.2469500,24488,0.2359300,1767
1747689782850,SOLUSDT,1747689782874,165.7700,283.51,165.0900,48.14
1747689782895,BTCUSDT,1747689782896,104251.50,0.000,1000.00,64.028
1747689782894,1000PEPEUSDT,1747689782902,0.0132450,1160571,0.0132246,252504
1747689782921,XRPUSDT,1747689782935,2.3791,40999.5,2.3539,17952.0
1747689782936,ETHUSDT,1747689782943,2517.19,12.187,2487.81,669.687
1747689782944,BTCUSDC,1747689782945,105337.3,0.192,101575.3,0.877
1747689782942,MOODENGUSDT,1747689782956,0.2469100,3232,0.2392800,20501
1747689782953,DOGEUSDT,1747689782958,0.224040,69194,0.179220,40
1747689782971,SOLUSDT,1747689782978,165.7500,167.38,160.6900,17.13
1747689782984,ETHUSDC,1747689782988,2517.85,31.979,2499.83,506.170
1747689782998,BTCUSDT,1747689783001,105304.60,11.916,1000.00,64.028
1747689782995,1000PEPEUSDT,1747689783005,0.0132450,1163591,0.0125826,26018
1747689783039,ETHUSDT,1747689783046,2516.94,58.588,200.00,26.897
1747689783055,XRPUSDT,1747689783057,2.3787,28534.7,2.2673,3390.2
1747689783055,BTCUSDC,1747689783058,105332.0,1.596,105211.0,7.265
1747689783060,DOGEUSDT,1747689783061,0.224090,168648,0.179220,0
1747689783055,MOODENGUSDT,1747689783063,0.2468000,0,0.2401000,2214
1747689783062,SOLUSDT,1747689783080,165.7500,160.19,165.5500,928.93
1747689783089,ETHUSDC,1747689783090,2517.99,0.000,2480.76,18.170
1747689783101,BTCUSDT,1747689783102,105301.00,0.000,4999.90,0.021
1747689783098,1000PEPEUSDT,1747689783108,0.0132452,3041,0.0126321,39524
1747689783143,ETHUSDT,1747689783147,2517.19,12.187,200.00,26.897
1747689783133,XRPUSDT,1747689783161,2.3787,28536.4,2.3631,20608.7
1747689783161,BTCUSDC,1747689783163,105333.9,0.111,101282.0,0.000
1747689783161,MOODENGUSDT,1747689783167,0.2468800,2256,0.2338100,35
1747689783165,DOGEUSDT,1747689783167,0.224030,56797,0.219490,37898
1747689783177,SOLUSDT,1747689783184,165.7500,140.06,132.6000,5.43
1747689783155,ETHUSDC,1747689783193,,,2517.44,2.920
1747689783204,BTCUSDT,1747689783204,105301.10,17.796,1000.00,64.028
1747689783210,1000PEPEUSDT,1747689783211,0.0132475,210234,0.0105960,1234
1747689783246,ETHUSDT,1747689783248,2516.94,57.334,2013.55,0.067
1747689783260,XRPUSDT,1747689783264,2.3788,19052.6,2.1407,4.8
1747689783244,BTCUSDC,1747689783266,105342.8,0.023,101282.0,1.173
1747689783267,DOGEUSDT,1747689783270,0.224030,56820,0.201620,5798
1747689783271,MOODENGUSDT,1747689783274,0.2468800,348,0.2208200,81
1747689783264,SOLUSDT,1747689783289,165.7600,253.71,156.7400,962.64
1747689783298,ETHUSDC,1747689783298,2517.85,31.923,2480.83,4.025
1747689783304,BTCUSDT,1747689783307,105302.70,0.001,1000.00,64.028
1747689783314,1000PEPEUSDT,1747689783314,0.0132454,211314,0.0123831,12090190
1747689783352,ETHUSDT,1747689783353,2517.28,10.824,200.00,26.897
1747689783370,XRPUSDT,1747689783371,2.3787,28536.6,1.9029,5747.7
1747689783369,DOGEUSDT,1747689783373,0.224060,70497,0.216660,76842
1747689783317,MOODENGUSDT,1747689783394,,,0.2122200,61696
1747689783382,SOLUSDT,1747689783394,165.7700,321.36,156.7400,2174.36
1747689783392,BTCUSDC,1747689783395,105346.7,0.000,101342.2,0.000
1747689783406,BTCUSDT,1747689783410,105301.10,17.849,5000.00,0.736
1747689783412,1000PEPEUSDT,1747689783415,0.0132624,48251,0.0123831,33679616
1747689783375,ETHUSDC,1747689783419,2518.00,3.560,2480.83,16.101
1747689783460,ETHUSDT,1747689783461,2517.19,13.275,200.00,26.897
1747689783438,XRPUSDT,1747689783472,2.3787,28538.0,1.9029,5744.0
1747689783464,DOGEUSDT,1747689783477,0.224030,56796,0.220630,27475
1747689783496,SOLUSDT,1747689783497,165.7500,140.13,165.2600,556.18
1747689783482,BTCUSDC,1747689783501,105339.9,0.000,101342.2,1.172
1747689783508,MOODENGUSDT,1747689783511,0.2468900,3019,0.2354400,4642
1747689783508,BTCUSDT,1747689783512,105286.10,0.000,1000.00,64.028
1747689783516,1000PEPEUSDT,1747689783518,0.0132450,1158907,0.0127409,276237
1747689783451,ETHUSDC,1747689783544,,,2466.41,80.991
1747689783565,ETHUSDT,1747689783566,2516.94,57.347,2265.24,0.819
1747689783568,XRPUSDT,1747689783576,2.3787,28423.2,2.2697,1093.6
1747689783533,DOGEUSDT,1747689783580,0.224090,139585,0.218400,139362
1747689783598,SOLUSDT,1747689783600,165.7500,165.11,160.6900,15.71
1747689783611,BTCUSDC,1747689783614,105368.4,1.085,84265.6,0.000
