sequence number,asset,time (from exchange),ask,ask size,bid,bid size
630173512271889991,WIF-USD-SWAP-LIN,1747491406187,0.9484,12598.0,0.9444,0.9444
765173511948853203,PURPE-USD-SWAP-LIN,1747491406207,0.07984,64574.0,0.07983,0.07983
738173511997828388,ZEUS-USD-SWAP-LIN,1747491406214,0.2528,109704.0,0.2514,0.2514
598173512108130601,EIGEN-USD-SWAP-LIN,1747491406196,1.1947,21679.6,1.1895,1.1895
440173512300497091,LDO-USD-SWAP-LIN,1747491406266,0.9323,29825.0,0.9285,0.9285
100173512386555336,OX-USD-SWAP-LIN,1747491406252,0.00086,17704545.0,0.00081,0.00081
600173512271038085,1000PEPE-USD-SWAP-LIN,1747491406240,0.012362,1765178.0,0.012308,0.012308
745173511978069504,AIXBT-USD-SWAP-LIN,1747491406215,0.165651,108753.0,0.164829,0.164829
102473977887595553,BROCCOLI3-USD-SWAP-LIN,1747491406228,0.012701,166196.0,0.012431,0.012431
107574565978960333,LetsBONK-USD-SWAP-LIN,1747491406294,0.0377,177376.0,0.03738,0.03738
738173511997828389,ZEUS-USD-SWAP-LIN,1747491406315,0.2528,109704.0,0.2514,0.2514
630173512271889992,WIF-USD-SWAP-LIN,1747491406287,0.9484,12598.0,0.9444,0.9444
765173511948853204,PURPE-USD-SWAP-LIN,1747491406308,0.07984,64574.0,0.07983,0.07983
440173512300497092,LDO-USD-SWAP-LIN,1747491406366,0.9323,29825.0,0.9285,0.9285
598173512108130602,EIGEN-USD-SWAP-LIN,1747491406296,1.1947,21679.6,1.1895,1.1895
600173512271038086,1000PEPE-USD-SWAP-LIN,1747491406341,0.012362,1765178.0,0.012308,0.012308
102473977887595554,BROCCOLI3-USD-SWAP-LIN,1747491406328,0.012701,166196.0,0.012431,0.012431
745173511978069505,AIXBT-USD-SWAP-LIN,1747491406315,0.165651,108753.0,0.164829,0.164829
100173512386555337,OX-USD-SWAP-LIN,1747491406353,0.00086,17704545.0,0.00081,0.00081
107574565978960334,LetsBONK-USD-SWAP-LIN,1747491406394,0.0377,177376.0,0.03738,0.03738
765173511948853205,PURPE-USD-SWAP-LIN,1747491406408,0.07984,64574.0,0.07983,0.07983
630173512271889993,WIF-USD-SWAP-LIN,1747491406388,0.9484,12598.0,0.9444,0.9444
738173511997828390,ZEUS-USD-SWAP-LIN,1747491406415,0.2528,109704.0,0.2514,0.2514
440173512300497093,LDO-USD-SWAP-LIN,1747491406467,0.9323,29825.0,0.9285,0.9285
102473977887595555,BROCCOLI3-USD-SWAP-LIN,1747491406428,0.012701,166196.0,0.012431,0.012431
100173512386555338,OX-USD-SWAP-LIN,1747491406453,0.00086,17704545.0,0.00081,0.00081
745173511978069506,AIXBT-USD-SWAP-LIN,1747491406415,0.165651,108753.0,0.164829,0.164829
598173512108130603,EIGEN-USD-SWAP-LIN,1747491406397,1.1947,21679.6,1.1895,1.1895
600173512271038087,1000PEPE-USD-SWAP-LIN,1747491406441,0.012362,1765178.0,0.012308,0.012308
107574565978960335,LetsBONK-USD-SWAP-LIN,1747491406494,0.0377,177376.0,0.03738,0.03738
738173511997828391,ZEUS-USD-SWAP-LIN,1747491406515,0.2528,109704.0,0.2514,0.2514
765173511948853206,PURPE-USD-SWAP-LIN,1747491406508,0.07984,64574.0,0.07983,0.07983
630173512271889994,WIF-USD-SWAP-LIN,1747491406488,0.9484,12598.0,0.9444,0.9444
745173511978069507,AIXBT-USD-SWAP-LIN,1747491406516,0.165651,108753.0,0.164829,0.164829
600173512271038088,1000PEPE-USD-SWAP-LIN,1747491406541,0.012362,1765178.0,0.012308,0.012308
598173512108130604,EIGEN-USD-SWAP-LIN,1747491406497,1.1947,21679.6,1.1895,1.1895
102473977887595556,BROCCOLI3-USD-SWAP-LIN,1747491406529,0.012701,166196.0,0.012431,0.012431
100173512386555339,OX-USD-SWAP-LIN,1747491406554,0.00086,17704545.0,0.00081,0.00081
440173512300497094,LDO-USD-SWAP-LIN,1747491406567,0.9323,29825.0,0.9285,0.9285
107574565978960336,LetsBONK-USD-SWAP-LIN,1747491406594,0.0377,177376.0,0.03738,0.03738
630173512271889995,WIF-USD-SWAP-LIN,1747491406588,0.9484,12598.0,0.9444,0.9444
738173511997828392,ZEUS-USD-SWAP-LIN,1747491406616,0.2528,109704.0,0.2514,0.2514
765173511948853207,PURPE-USD-SWAP-LIN,1747491406609,0.07984,64574.0,0.07983,0.07983
102473977887595557,BROCCOLI3-USD-SWAP-LIN,1747491406629,0.012701,166196.0,0.012431,0.012431
100173512386555340,OX-USD-SWAP-LIN,1747491406654,0.00086,17704545.0,0.00081,0.00081
600173512271038089,1000PEPE-USD-SWAP-LIN,1747491406642,0.012362,1765178.0,0.012308,0.012308
598173512108130605,EIGEN-USD-SWAP-LIN,1747491406597,1.1947,21679.6,1.1895,1.1895
745173511978069508,AIXBT-USD-SWAP-LIN,1747491406616,0.165765,149778.0,0.164943,0.164943
440173512300497095,LDO-USD-SWAP-LIN,1747491406667,0.9323,29825.0,0.9285,0.9285
107574565978960337,LetsBONK-USD-SWAP-LIN,1747491406695,0.0377,177376.0,0.03738,0.03738
765173511948853208,PURPE-USD-SWAP-LIN,1747491406709,0.07984,64574.0,0.07983,0.07983
630173512271889996,WIF-USD-SWAP-LIN,1747491406688,0.9484,12598.0,0.9444,0.9444
738173511997828393,ZEUS-USD-SWAP-LIN,1747491406716,0.2528,109704.0,0.2514,0.2514
598173512108130606,EIGEN-USD-SWAP-LIN,1747491406698,1.1947,21679.6,1.1895,1.1895
600173512271038090,1000PEPE-USD-SWAP-LIN,1747491406742,0.012362,1765178.0,0.012308,0.012308
100173512386555341,OX-USD-SWAP-LIN,1747491406755,0.00086,17704545.0,0.00081,0.00081
102473977887595558,BROCCOLI3-USD-SWAP-LIN,1747491406729,0.012701,166196.0,0.012431,0.012431
745173511978069509,AIXBT-USD-SWAP-LIN,1747491406716,0.165765,149778.0,0.164943,0.164943
440173512300497096,LDO-USD-SWAP-LIN,1747491406768,0.9323,29825.0,0.9285,0.9285
107574565978960338,LetsBONK-USD-SWAP-LIN,1747491406795,0.0377,177376.0,0.03738,0.03738
765173511948853209,PURPE-USD-SWAP-LIN,1747491406809,0.07984,64574.0,0.07983,0.07983
738173511997828394,ZEUS-USD-SWAP-LIN,1747491406816,0.2528,109704.0,0.2514,0.2514
630173512271889997,WIF-USD-SWAP-LIN,1747491406789,0.9484,12598.0,0.9444,0.9444
440173512300497097,LDO-USD-SWAP-LIN,1747491406868,0.9323,29825.0,0.9285,0.9285
745173511978069510,AIXBT-USD-SWAP-LIN,1747491406817,0.165765,149778.0,0.164943,0.164943
102473977887595559,BROCCOLI3-USD-SWAP-LIN,1747491406829,0.012701,166196.0,0.012431,0.012431
598173512108130607,EIGEN-USD-SWAP-LIN,1747491406798,1.1947,21679.6,1.1895,1.1895
600173512271038091,1000PEPE-USD-SWAP-LIN,1747491406842,0.012362,1765178.0,0.012308,0.012308
100173512386555342,OX-USD-SWAP-LIN,1747491406855,0.00086,17704545.0,0.00081,0.00081
107574565978960339,LetsBONK-USD-SWAP-LIN,1747491406895,0.0377,177376.0,0.03738,0.03738
630173512271889998,WIF-USD-SWAP-LIN,1747491406889,0.9484,12598.0,0.9444,0.9444
765173511948853210,PURPE-USD-SWAP-LIN,1747491406910,0.07984,64574.0,0.07983,0.07983
738173511997828395,ZEUS-USD-SWAP-LIN,1747491406917,0.2528,109704.0,0.2514,0.2514
100173512386555343,OX-USD-SWAP-LIN,1747491406956,0.00086,17704545.0,0.00081,0.00081
598173512108130608,EIGEN-USD-SWAP-LIN,1747491406898,1.1947,21679.6,1.1895,1.1895
600173512271038092,1000PEPE-USD-SWAP-LIN,1747491406942,0.012362,1765178.0,0.012308,0.012308
745173511978069511,AIXBT-USD-SWAP-LIN,1747491406917,0.165765,149778.0,0.164943,0.164943
102473977887595560,BROCCOLI3-USD-SWAP-LIN,1747491406930,0.012701,166196.0,0.012431,0.012431
440173512300497098,LDO-USD-SWAP-LIN,1747491406968,0.9323,29825.0,0.9285,0.9285
107574565978960340,LetsBONK-USD-SWAP-LIN,1747491406995,0.0377,177376.0,0.03738,0.03738
630173512271889999,WIF-USD-SWAP-LIN,1747491406989,0.9484,12598.0,0.9444,0.9444
765173511948853211,PURPE-USD-SWAP-LIN,1747491407010,0.07984,64574.0,0.07983,0.07983
738173511997828396,ZEUS-USD-SWAP-LIN,1747491407017,0.2528,109704.0,0.2514,0.2514
440173512300497099,LDO-USD-SWAP-LIN,1747491407068,0.9323,29825.0,0.9285,0.9285
745173511978069512,AIXBT-USD-SWAP-LIN,1747491407018,0.165765,149778.0,0.164943,0.164943
102473977887595561,BROCCOLI3-USD-SWAP-LIN,1747491407030,0.012701,166196.0,0.012431,0.012431
598173512108130609,EIGEN-USD-SWAP-LIN,1747491406998,1.1947,21679.6,1.1895,1.1895
600173512271038093,1000PEPE-USD-SWAP-LIN,1747491407043,0.012362,1765178.0,0.012308,0.012308
100173512386555344,OX-USD-SWAP-LIN,1747491407056,0.00086,17704545.0,0.00081,0.00081
107574565978960341,LetsBONK-USD-SWAP-LIN,1747491407096,0.0377,177376.0,0.03738,0.03738
738173511997828397,ZEUS-USD-SWAP-LIN,1747491407117,0.2528,109704.0,0.2514,0.2514
630173512271890000,WIF-USD-SWAP-LIN,1747491407090,0.9484,12598.0,0.9444,0.9444
765173511948853212,PURPE-USD-SWAP-LIN,1747491407110,0.07984,64574.0,0.07983,0.07983
100173512386555345,OX-USD-SWAP-LIN,1747491407157,0.00086,17704545.0,0.00081,0.00081
598173512108130610,EIGEN-USD-SWAP-LIN,1747491407099,1.1947,21679.6,1.1895,1.1895
600173512271038094,1000PEPE-USD-SWAP-LIN,1747491407143,0.012362,1765178.0,0.012308,0.012308
745173511978069513,AIXBT-USD-SWAP-LIN,1747491407118,0.165765,149778.0,0.164943,0.164943
102473977887595562,BROCCOLI3-USD-SWAP-LIN,1747491407130,0.012701,166196.0,0.012431,0.012431
440173512300497100,LDO-USD-SWAP-LIN,1747491407169,0.9323,29825.0,0.9285,0.9285
107574565978960342,LetsBONK-USD-SWAP-LIN,1747491407196,0.0377,177376.0,0.03738,0.03738
765173511948853213,PURPE-USD-SWAP-LIN,1747491407211,0.07984,64574.0,0.07983,0.07983
738173511997828398,ZEUS-USD-SWAP-LIN,1747491407218,0.2528,109704.0,0.2514,0.2514
630173512271890001,WIF-USD-SWAP-LIN,1747491407190,0.9484,12598.0,0.9444,0.9444
745173511978069514,AIXBT-USD-SWAP-LIN,1747491407218,0.165765,149778.0,0.164943,0.164943
102473977887595563,BROCCOLI3-USD-SWAP-LIN,1747491407231,0.012701,166196.0,0.012431,0.012431
598173512108130611,EIGEN-USD-SWAP-LIN,1747491407199,1.1947,21679.6,1.1895,1.1895
600173512271038095,1000PEPE-USD-SWAP-LIN,1747491407243,0.012362,1765178.0,0.012308,0.012308
100173512386555346,OX-USD-SWAP-LIN,1747491407257,0.00086,17704545.0,0.00081,0.00081
440173512300497101,LDO-USD-SWAP-LIN,1747491407269,0.9323,29825.0,0.9285,0.9285
107574565978960343,LetsBONK-USD-SWAP-LIN,1747491407296,0.0377,177376.0,0.03738,0.03738
765173511948853214,PURPE-USD-SWAP-LIN,1747491407311,0.07984,64574.0,0.07983,0.07983
738173511997828399,ZEUS-USD-SWAP-LIN,1747491407318,0.2528,109704.0,0.2514,0.2514
630173512271890002,WIF-USD-SWAP-LIN,1747491407290,0.9484,12598.0,0.9444,0.9444
600173512271038096,1000PEPE-USD-SWAP-LIN,1747491407343,0.012362,1765178.0,0.012308,0.012308
100173512386555347,OX-USD-SWAP-LIN,1747491407358,0.00086,17704545.0,0.00081,0.00081
102473977887595564,BROCCOLI3-USD-SWAP-LIN,1747491407331,0.012701,166196.0,0.012431,0.012431
598173512108130612,EIGEN-USD-SWAP-LIN,1747491407299,1.1947,21679.6,1.1895,1.1895
745173511978069515,AIXBT-USD-SWAP-LIN,1747491407319,0.165765,149778.0,0.164943,0.164943
440173512300497102,LDO-USD-SWAP-LIN,1747491407369,0.9323,29825.0,0.9285,0.9285
107574565978960344,LetsBONK-USD-SWAP-LIN,1747491407396,0.0377,177376.0,0.03738,0.03738
630173512271890003,WIF-USD-SWAP-LIN,1747491407390,0.9484,12598.0,0.9444,0.9444
738173511997828400,ZEUS-USD-SWAP-LIN,1747491407418,0.2528,109704.0,0.2514,0.2514
765173511948853215,PURPE-USD-SWAP-LIN,1747491407411,0.07984,64574.0,0.07983,0.07983
100173512386555348,OX-USD-SWAP-LIN,1747491407458,0.00086,17704545.0,0.00081,0.00081
102473977887595565,BROCCOLI3-USD-SWAP-LIN,1747491407431,0.012701,166196.0,0.012431,0.012431
600173512271038097,1000PEPE-USD-SWAP-LIN,1747491407444,0.012362,1765178.0,0.012308,0.012308
598173512108130613,EIGEN-USD-SWAP-LIN,1747491407399,1.1947,21679.6,1.1895,1.1895
440173512300497103,LDO-USD-SWAP-LIN,1747491407470,0.9323,29825.0,0.9285,0.9285
745173511978069516,AIXBT-USD-SWAP-LIN,1747491407419,0.165765,149778.0,0.164943,0.164943
107574565978960345,LetsBONK-USD-SWAP-LIN,1747491407497,0.0377,177376.0,0.03738,0.03738
738173511997828401,ZEUS-USD-SWAP-LIN,1747491407519,0.2528,109704.0,0.2514,0.2514
630173512271890004,WIF-USD-SWAP-LIN,1747491407491,0.9484,12598.0,0.9444,0.9444
765173511948853216,PURPE-USD-SWAP-LIN,1747491407512,0.07984,64574.0,0.07983,0.07983
745173511978069517,AIXBT-USD-SWAP-LIN,1747491407519,0.165765,149778.0,0.164943,0.164943
598173512108130614,EIGEN-USD-SWAP-LIN,1747491407500,1.1947,21679.6,1.1895,1.1895
440173512300497104,LDO-USD-SWAP-LIN,1747491407570,0.9323,29825.0,0.9285,0.9285
102473977887595566,BROCCOLI3-USD-SWAP-LIN,1747491407532,0.012701,166196.0,0.012431,0.012431
600173512271038098,1000PEPE-USD-SWAP-LIN,1747491407544,0.012362,1765178.0,0.012308,0.012308
100173512386555349,OX-USD-SWAP-LIN,1747491407559,0.00086,17704545.0,0.00081,0.00081
107574565978960346,LetsBONK-USD-SWAP-LIN,1747491407597,0.0377,177376.0,0.03738,0.03738
765173511948853217,PURPE-USD-SWAP-LIN,1747491407612,0.07984,64574.0,0.07983,0.07983
738173511997828402,ZEUS-USD-SWAP-LIN,1747491407619,0.2528,109704.0,0.2514,0.2514
630173512271890005,WIF-USD-SWAP-LIN,1747491407591,0.9484,12598.0,0.9444,0.9444
100173512386555350,OX-USD-SWAP-LIN,1747491407659,0.00086,17704545.0,0.00081,0.00081
102473977887595567,BROCCOLI3-USD-SWAP-LIN,1747491407632,0.012701,166196.0,0.012431,0.012431
600173512271038099,1000PEPE-USD-SWAP-LIN,1747491407644,0.012362,1765178.0,0.012308,0.012308
598173512108130615,EIGEN-USD-SWAP-LIN,1747491407600,1.1947,21679.6,1.1895,1.1895
440173512300497105,LDO-USD-SWAP-LIN,1747491407670,0.9316,22868.0,0.9278,0.9278
745173511978069518,AIXBT-USD-SWAP-LIN,1747491407620,0.165765,149778.0,0.164943,0.164943
107574565978960347,LetsBONK-USD-SWAP-LIN,1747491407697,0.0377,177376.0,0.03738,0.03738
630173512271890006,WIF-USD-SWAP-LIN,1747491407691,0.9484,12598.0,0.9444,0.9444
765173511948853218,PURPE-USD-SWAP-LIN,1747491407712,0.07984,64574.0,0.07983,0.07983
738173511997828403,ZEUS-USD-SWAP-LIN,1747491407719,0.2528,109704.0,0.2514,0.2514
745173511978069519,AIXBT-USD-SWAP-LIN,1747491407720,0.165765,149778.0,0.164943,0.164943
598173512108130616,EIGEN-USD-SWAP-LIN,1747491407700,1.1947,21679.6,1.1895,1.1895
440173512300497106,LDO-USD-SWAP-LIN,1747491407770,0.9316,22868.0,0.9278,0.9278
102473977887595568,BROCCOLI3-USD-SWAP-LIN,1747491407732,0.012701,166196.0,0.012431,0.012431
600173512271038100,1000PEPE-USD-SWAP-LIN,1747491407744,0.012362,1765178.0,0.012308,0.012308
100173512386555351,OX-USD-SWAP-LIN,1747491407760,0.00086,17704545.0,0.00081,0.00081
107574565978960348,LetsBONK-USD-SWAP-LIN,1747491407797,0.0377,177376.0,0.03738,0.03738
738173511997828404,ZEUS-USD-SWAP-LIN,1747491407820,0.2528,109704.0,0.2514,0.2514
630173512271890007,WIF-USD-SWAP-LIN,1747491407792,0.9484,12598.0,0.9444,0.9444
765173511948853219,PURPE-USD-SWAP-LIN,1747491407813,0.07984,64574.0,0.07983,0.07983
100173512386555352,OX-USD-SWAP-LIN,1747491407860,0.00086,17704545.0,0.00081,0.00081
102473977887595569,BROCCOLI3-USD-SWAP-LIN,1747491407833,0.012701,166196.0,0.012431,0.012431
600173512271038101,1000PEPE-USD-SWAP-LIN,1747491407845,0.012362,1765178.0,0.012308,0.012308
598173512108130617,EIGEN-USD-SWAP-LIN,1747491407801,1.1947,21679.6,1.1895,1.1895
440173512300497107,LDO-USD-SWAP-LIN,1747491407871,0.9316,22868.0,0.9278,0.9278
745173511978069520,AIXBT-USD-SWAP-LIN,1747491407820,0.165765,149778.0,0.164943,0.164943
107574565978960349,LetsBONK-USD-SWAP-LIN,1747491407898,0.0377,177376.0,0.03738,0.03738
765173511948853220,PURPE-USD-SWAP-LIN,1747491407913,0.07984,64574.0,0.07983,0.07983
738173511997828405,ZEUS-USD-SWAP-LIN,1747491407920,0.2528,109704.0,0.2514,0.2514
630173512271890008,WIF-USD-SWAP-LIN,1747491407892,0.9484,12598.0,0.9444,0.9444
745173511978069521,AIXBT-USD-SWAP-LIN,1747491407921,0.165765,149778.0,0.164943,0.164943
598173512108130618,EIGEN-USD-SWAP-LIN,1747491407901,1.1947,21679.6,1.1895,1.1895
440173512300497108,LDO-USD-SWAP-LIN,1747491407971,0.9316,22868.0,0.9278,0.9278
102473977887595570,BROCCOLI3-USD-SWAP-LIN,1747491407933,0.012701,166196.0,0.012431,0.012431
600173512271038102,1000PEPE-USD-SWAP-LIN,1747491407945,0.012362,1765178.0,0.012308,0.012308
100173512386555353,OX-USD-SWAP-LIN,1747491407961,0.00086,17704545.0,0.00081,0.00081
107574565978960350,LetsBONK-USD-SWAP-LIN,1747491407998,0.0377,177376.0,0.03738,0.03738
630173512271890009,WIF-USD-SWAP-LIN,1747491407992,0.9484,12598.0,0.9444,0.9444
765173511948853221,PURPE-USD-SWAP-LIN,1747491408013,0.07984,64574.0,0.07983,0.07983
738173511997828406,ZEUS-USD-SWAP-LIN,1747491408020,0.2528,109704.0,0.2514,0.2514
102473977887595571,BROCCOLI3-USD-SWAP-LIN,1747491408033,0.012701,166196.0,0.012431,0.012431
600173512271038103,1000PEPE-USD-SWAP-LIN,1747491408045,0.012362,1765178.0,0.012308,0.012308
440173512300497109,LDO-USD-SWAP-LIN,1747491408071,0.9316,22868.0,0.9278,0.9278
745173511978069522,AIXBT-USD-SWAP-LIN,1747491408021,0.165765,149778.0,0.164943,0.164943
598173512108130619,EIGEN-USD-SWAP-LIN,1747491408001,1.1947,21679.6,1.1895,1.1895
100173512386555354,OX-USD-SWAP-LIN,1747491408061,0.00086,17704545.0,0.00081,0.00081
107574565978960351,LetsBONK-USD-SWAP-LIN,1747491408098,0.0377,177376.0,0.03738,0.03738
630173512271890010,WIF-USD-SWAP-LIN,1747491408093,0.9484,12598.0,0.9444,0.9444
738173511997828407,ZEUS-USD-SWAP-LIN,1747491408121,0.2528,109704.0,0.2514,0.2514
765173511948853222,PURPE-USD-SWAP-LIN,1747491408114,0.07984,64574.0,0.07983,0.07983
100173512386555355,OX-USD-SWAP-LIN,1747491408162,0.00086,17704545.0,0.00081,0.00081
598173512108130620,EIGEN-USD-SWAP-LIN,1747491408102,1.1947,21679.6,1.1895,1.1895
102473977887595572,BROCCOLI3-USD-SWAP-LIN,1747491408134,0.012701,166196.0,0.012431,0.012431
600173512271038104,1000PEPE-USD-SWAP-LIN,1747491408145,0.012362,1765178.0,0.012308,0.012308
440173512300497110,LDO-USD-SWAP-LIN,1747491408172,0.9316,22868.0,0.9278,0.9278
745173511978069523,AIXBT-USD-SWAP-LIN,1747491408122,0.165765,149778.0,0.164943,0.164943
107574565978960352,LetsBONK-USD-SWAP-LIN,1747491408198,0.0377,177376.0,0.03738,0.03738
765173511948853223,PURPE-USD-SWAP-LIN,1747491408214,0.07984,64574.0,0.07983,0.07983
600173512271038105,1000PEPE-USD-SWAP-LIN,1747491408246,0.012362,1765178.0,0.012299,0.012299
745173511978069524,AIXBT-USD-SWAP-LIN,1747491408222,0.165765,149778.0,0.164943,0.164943
440173512300497111,LDO-USD-SWAP-LIN,1747491408272,0.9316,22868.0,0.9278,0.9278
100173512386555356,OX-USD-SWAP-LIN,1747491408263,0.00086,17704545.0,0.00081,0.00081
598173512108130621,EIGEN-USD-SWAP-LIN,1747491408202,1.1947,21679.6,1.1895,1.1895
102473977887595573,BROCCOLI3-USD-SWAP-LIN,1747491408234,0.012701,166196.0,0.012431,0.012431
630173512271890011,WIF-USD-SWAP-LIN,1747491408193,0.9484,12598.0,0.9444,0.9444
738173511997828408,ZEUS-USD-SWAP-LIN,1747491408221,0.2528,109704.0,0.2514,0.2514
107574565978960353,LetsBONK-USD-SWAP-LIN,1747491408299,0.0377,177376.0,0.03738,0.03738
745173511978069525,AIXBT-USD-SWAP-LIN,1747491408322,0.165765,149778.0,0.164943,0.164943
102473977887595574,BROCCOLI3-USD-SWAP-LIN,1747491408334,0.012701,166196.0,0.012431,0.012431
738173511997828409,ZEUS-USD-SWAP-LIN,1747491408321,0.2528,109704.0,0.2514,0.2514
630173512271890012,WIF-USD-SWAP-LIN,1747491408293,0.9484,12598.0,0.9444,0.9444
440173512300497112,LDO-USD-SWAP-LIN,1747491408372,0.9316,22868.0,0.9278,0.9278
100173512386555357,OX-USD-SWAP-LIN,1747491408363,0.00086,17704545.0,0.00081,0.00081
598173512108130622,EIGEN-USD-SWAP-LIN,1747491408302,1.1947,21679.6,1.1895,1.1895
765173511948853224,PURPE-USD-SWAP-LIN,1747491408314,0.07984,64574.0,0.07983,0.07983
600173512271038106,1000PEPE-USD-SWAP-LIN,1747491408346,0.012351,1535411.0,0.012297,0.012297
107574565978960354,LetsBONK-USD-SWAP-LIN,1747491408399,0.0377,177376.0,0.03738,0.03738
738173511997828410,ZEUS-USD-SWAP-LIN,1747491408421,0.2528,109704.0,0.2514,0.2514
598173512108130623,EIGEN-USD-SWAP-LIN,1747491408403,1.1932,20985.6,1.188,1.188
630173512271890013,WIF-USD-SWAP-LIN,1747491408393,0.9484,12598.0,0.9444,0.9444
440173512300497113,LDO-USD-SWAP-LIN,1747491408473,0.9316,22868.0,0.9278,0.9278
100173512386555358,OX-USD-SWAP-LIN,1747491408464,0.00086,17704545.0,0.00081,0.00081
745173511978069526,AIXBT-USD-SWAP-LIN,1747491408423,0.165765,149778.0,0.164943,0.164943
102473977887595575,BROCCOLI3-USD-SWAP-LIN,1747491408435,0.012701,166196.0,0.012431,0.012431
600173512271038107,1000PEPE-USD-SWAP-LIN,1747491408446,0.012351,1535411.0,0.012297,0.012297
765173511948853225,PURPE-USD-SWAP-LIN,1747491408415,0.07984,64574.0,0.07983,0.07983
107574565978960355,LetsBONK-USD-SWAP-LIN,1747491408499,0.0377,177376.0,0.03738,0.03738
630173512271890014,WIF-USD-SWAP-LIN,1747491408494,0.9484,12598.0,0.9444,0.9444
440173512300497114,LDO-USD-SWAP-LIN,1747491408573,0.9316,22868.0,0.9278,0.9278
100173512386555359,OX-USD-SWAP-LIN,1747491408564,0.00086,17704545.0,0.00081,0.00081
738173511997828411,ZEUS-USD-SWAP-LIN,1747491408522,0.2528,109704.0,0.2514,0.2514
598173512108130624,EIGEN-USD-SWAP-LIN,1747491408503,1.1932,20985.6,1.188,1.188
745173511978069527,AIXBT-USD-SWAP-LIN,1747491408523,0.165765,149778.0,0.164943,0.164943
102473977887595576,BROCCOLI3-USD-SWAP-LIN,1747491408535,0.012701,166196.0,0.012431,0.012431
600173512271038108,1000PEPE-USD-SWAP-LIN,1747491408547,0.012351,1535411.0,0.012297,0.012297
765173511948853226,PURPE-USD-SWAP-LIN,1747491408515,0.07984,64574.0,0.07983,0.07983
107574565978960356,LetsBONK-USD-SWAP-LIN,1747491408599,0.0377,177376.0,0.03738,0.03738
745173511978069528,AIXBT-USD-SWAP-LIN,1747491408623,0.165765,149778.0,0.164943,0.164943
738173511997828412,ZEUS-USD-SWAP-LIN,1747491408622,0.2528,109704.0,0.2514,0.2514
440173512300497115,LDO-USD-SWAP-LIN,1747491408673,0.9316,22868.0,0.9278,0.9278
100173512386555360,OX-USD-SWAP-LIN,1747491408665,0.00086,17704545.0,0.00081,0.00081
598173512108130625,EIGEN-USD-SWAP-LIN,1747491408603,1.1932,20985.6,1.188,1.188
630173512271890015,WIF-USD-SWAP-LIN,1747491408594,0.9484,12598.0,0.9444,0.9444
765173511948853227,PURPE-USD-SWAP-LIN,1747491408615,0.07984,64574.0,0.07983,0.07983
102473977887595577,BROCCOLI3-USD-SWAP-LIN,1747491408635,0.012701,166196.0,0.012431,0.012431
600173512271038109,1000PEPE-USD-SWAP-LIN,1747491408647,0.012351,1535411.0,0.012297,0.012297
107574565978960357,LetsBONK-USD-SWAP-LIN,1747491408700,0.0377,177376.0,0.03738,0.03738
630173512271890016,WIF-USD-SWAP-LIN,1747491408694,0.9475,9871.0,0.9435,0.9435
598173512108130626,EIGEN-USD-SWAP-LIN,1747491408704,1.1932,20985.6,1.188,1.188
100173512386555361,OX-USD-SWAP-LIN,1747491408765,0.00086,17704545.0,0.00081,0.00081
738173511997828413,ZEUS-USD-SWAP-LIN,1747491408722,0.2528,109704.0,0.2514,0.2514
440173512300497116,LDO-USD-SWAP-LIN,1747491408773,0.9316,22868.0,0.9278,0.9278
745173511978069529,AIXBT-USD-SWAP-LIN,1747491408724,0.165765,149778.0,0.164943,0.164943
600173512271038110,1000PEPE-USD-SWAP-LIN,1747491408747,0.012351,1535411.0,0.012297,0.012297
102473977887595578,BROCCOLI3-USD-SWAP-LIN,1747491408736,0.012701,166196.0,0.012431,0.012431
765173511948853228,PURPE-USD-SWAP-LIN,1747491408716,0.07984,64574.0,0.07983,0.07983
107574565978960358,LetsBONK-USD-SWAP-LIN,1747491408800,0.0377,177376.0,0.03738,0.03738
630173512271890017,WIF-USD-SWAP-LIN,1747491408795,0.9475,9871.0,0.9435,0.9435
745173511978069530,AIXBT-USD-SWAP-LIN,1747491408824,0.165765,149778.0,0.164943,0.164943
440173512300497117,LDO-USD-SWAP-LIN,1747491408874,0.9316,22868.0,0.9278,0.9278
738173511997828414,ZEUS-USD-SWAP-LIN,1747491408823,0.2528,109704.0,0.2514,0.2514
598173512108130627,EIGEN-USD-SWAP-LIN,1747491408804,1.1932,20985.6,1.188,1.188
100173512386555362,OX-USD-SWAP-LIN,1747491408866,0.00086,17704545.0,0.00081,0.00081
600173512271038111,1000PEPE-USD-SWAP-LIN,1747491408847,0.012351,1535411.0,0.012297,0.012297
765173511948853229,PURPE-USD-SWAP-LIN,1747491408816,0.07984,64574.0,0.07983,0.07983
102473977887595579,BROCCOLI3-USD-SWAP-LIN,1747491408836,0.012701,166196.0,0.012431,0.012431
107574565978960359,LetsBONK-USD-SWAP-LIN,1747491408900,0.0377,177376.0,0.03738,0.03738
100173512386555363,OX-USD-SWAP-LIN,1747491408966,0.00086,17704545.0,0.00081,0.00081
738173511997828415,ZEUS-USD-SWAP-LIN,1747491408923,0.2528,109704.0,0.2514,0.2514
745173511978069531,AIXBT-USD-SWAP-LIN,1747491408924,0.165765,149778.0,0.164943,0.164943
440173512300497118,LDO-USD-SWAP-LIN,1747491408974,0.9316,22868.0,0.9278,0.9278
598173512108130628,EIGEN-USD-SWAP-LIN,1747491408904,1.1932,20985.6,1.188,1.188
630173512271890018,WIF-USD-SWAP-LIN,1747491408895,0.9475,9871.0,0.9435,0.9435
102473977887595580,BROCCOLI3-USD-SWAP-LIN,1747491408936,0.012701,166196.0,0.012431,0.012431
600173512271038112,1000PEPE-USD-SWAP-LIN,1747491408948,0.012351,1535411.0,0.012297,0.012297
765173511948853230,PURPE-USD-SWAP-LIN,1747491408916,0.07984,64574.0,0.07983,0.07983
107574565978960360,LetsBONK-USD-SWAP-LIN,1747491409001,0.0377,177376.0,0.03738,0.03738
440173512300497119,LDO-USD-SWAP-LIN,1747491409074,0.9316,22868.0,0.9278,0.9278
738173511997828416,ZEUS-USD-SWAP-LIN,1747491409023,0.2528,109704.0,0.2514,0.2514
745173511978069532,AIXBT-USD-SWAP-LIN,1747491409025,0.165765,149778.0,0.164943,0.164943
100173512386555364,OX-USD-SWAP-LIN,1747491409067,0.00086,17704545.0,0.00081,0.00081
630173512271890019,WIF-USD-SWAP-LIN,1747491408995,0.9475,9871.0,0.9435,0.9435
598173512108130629,EIGEN-USD-SWAP-LIN,1747491409005,1.1932,20985.6,1.188,1.188
765173511948853231,PURPE-USD-SWAP-LIN,1747491409017,0.07984,64574.0,0.07983,0.07983
102473977887595581,BROCCOLI3-USD-SWAP-LIN,1747491409037,0.012701,166196.0,0.012431,0.012431
600173512271038113,1000PEPE-USD-SWAP-LIN,1747491409048,0.012351,1535411.0,0.012297,0.012297
107574565978960361,LetsBONK-USD-SWAP-LIN,1747491409101,0.0377,177376.0,0.03738,0.03738
100173512386555365,OX-USD-SWAP-LIN,1747491409167,0.00086,17704545.0,0.00081,0.00081
630173512271890020,WIF-USD-SWAP-LIN,1747491409096,0.9475,9871.0,0.9435,0.9435
738173511997828417,ZEUS-USD-SWAP-LIN,1747491409124,0.2528,109704.0,0.2514,0.2514
745173511978069533,AIXBT-USD-SWAP-LIN,1747491409125,0.165765,149778.0,0.164943,0.164943
440173512300497120,LDO-USD-SWAP-LIN,1747491409175,0.9316,22868.0,0.9278,0.9278
598173512108130630,EIGEN-USD-SWAP-LIN,1747491409105,1.1932,20985.6,1.188,1.188
765173511948853232,PURPE-USD-SWAP-LIN,1747491409117,0.07984,64574.0,0.07983,0.07983
102473977887595582,BROCCOLI3-USD-SWAP-LIN,1747491409137,0.012701,166196.0,0.012431,0.012431
600173512271038114,1000PEPE-USD-SWAP-LIN,1747491409148,0.012351,1535411.0,0.012297,0.012297
107574565978960362,LetsBONK-USD-SWAP-LIN,1747491409201,0.0377,177376.0,0.03738,0.03738
440173512300497121,LDO-USD-SWAP-LIN,1747491409275,0.9316,22868.0,0.9278,0.9278
738173511997828418,ZEUS-USD-SWAP-LIN,1747491409224,0.2528,109704.0,0.2514,0.2514
630173512271890021,WIF-USD-SWAP-LIN,1747491409196,0.9475,9871.0,0.9435,0.9435
100173512386555366,OX-USD-SWAP-LIN,1747491409268,0.00086,17704545.0,0.00081,0.00081
745173511978069534,AIXBT-USD-SWAP-LIN,1747491409225,0.165765,149778.0,0.164943,0.164943
598173512108130631,EIGEN-USD-SWAP-LIN,1747491409205,1.1932,20985.6,1.188,1.188
765173511948853233,PURPE-USD-SWAP-LIN,1747491409217,0.07984,64574.0,0.07983,0.07983
600173512271038115,1000PEPE-USD-SWAP-LIN,1747491409248,0.012351,1535411.0,0.012297,0.012297
102473977887595583,BROCCOLI3-USD-SWAP-LIN,1747491409237,0.012701,166196.0,0.012431,0.012431
107574565978960363,LetsBONK-USD-SWAP-LIN,1747491409301,0.0377,177376.0,0.03738,0.03738
738173511997828419,ZEUS-USD-SWAP-LIN,1747491409324,0.2528,109704.0,0.2514,0.2514
440173512300497122,LDO-USD-SWAP-LIN,1747491409375,0.9316,22868.0,0.9278,0.9278
745173511978069535,AIXBT-USD-SWAP-LIN,1747491409326,0.165765,149778.0,0.164943,0.164943
598173512108130632,EIGEN-USD-SWAP-LIN,1747491409305,1.1932,20985.6,1.188,1.188
630173512271890022,WIF-USD-SWAP-LIN,1747491409296,0.9475,9871.0,0.9435,0.9435
100173512386555367,OX-USD-SWAP-LIN,1747491409368,0.00086,17704545.0,0.00081,0.00081
765173511948853234,PURPE-USD-SWAP-LIN,1747491409318,0.07984,64574.0,0.07983,0.07983
600173512271038116,1000PEPE-USD-SWAP-LIN,1747491409349,0.012351,1535411.0,0.012297,0.012297
102473977887595584,BROCCOLI3-USD-SWAP-LIN,1747491409338,0.012701,166196.0,0.012431,0.012431
107574565978960364,LetsBONK-USD-SWAP-LIN,1747491409402,0.0377,177376.0,0.03738,0.03738
738173511997828420,ZEUS-USD-SWAP-LIN,1747491409424,0.2528,109704.0,0.2514,0.2514
100173512386555368,OX-USD-SWAP-LIN,1747491409469,0.00086,17704545.0,0.00081,0.00081
630173512271890023,WIF-USD-SWAP-LIN,1747491409397,0.9475,9871.0,0.9435,0.9435
440173512300497123,LDO-USD-SWAP-LIN,1747491409475,0.9316,22868.0,0.9278,0.9278
745173511978069536,AIXBT-USD-SWAP-LIN,1747491409426,0.165765,149778.0,0.164943,0.164943
598173512108130633,EIGEN-USD-SWAP-LIN,1747491409406,1.1932,20985.6,1.188,1.188
102473977887595585,BROCCOLI3-USD-SWAP-LIN,1747491409438,0.012701,166196.0,0.012431,0.012431
600173512271038117,1000PEPE-USD-SWAP-LIN,1747491409449,0.012351,1535411.0,0.012297,0.012297
765173511948853235,PURPE-USD-SWAP-LIN,1747491409418,0.07984,64574.0,0.07983,0.07983
107574565978960365,LetsBONK-USD-SWAP-LIN,1747491409502,0.0377,177376.0,0.03738,0.03738
440173512300497124,LDO-USD-SWAP-LIN,1747491409576,0.9316,22868.0,0.9278,0.9278
745173511978069537,AIXBT-USD-SWAP-LIN,1747491409527,0.165765,149778.0,0.164943,0.164943
100173512386555369,OX-USD-SWAP-LIN,1747491409569,0.00086,17704545.0,0.00081,0.00081
630173512271890024,WIF-USD-SWAP-LIN,1747491409497,0.9475,9871.0,0.9435,0.9435
738173511997828421,ZEUS-USD-SWAP-LIN,1747491409525,0.2528,109704.0,0.2514,0.2514
598173512108130634,EIGEN-USD-SWAP-LIN,1747491409506,1.1932,20985.6,1.188,1.188
765173511948853236,PURPE-USD-SWAP-LIN,1747491409518,0.07984,64574.0,0.07983,0.07983
102473977887595586,BROCCOLI3-USD-SWAP-LIN,1747491409538,0.012701,166196.0,0.012431,0.012431
600173512271038118,1000PEPE-USD-SWAP-LIN,1747491409549,0.012351,1535411.0,0.012297,0.012297
107574565978960366,LetsBONK-USD-SWAP-LIN,1747491409602,0.0377,177376.0,0.03738,0.03738
738173511997828422,ZEUS-USD-SWAP-LIN,1747491409625,0.2528,109704.0,0.2514,0.2514
100173512386555370,OX-USD-SWAP-LIN,1747491409670,0.00086,17704545.0,0.00081,0.00081
745173511978069538,AIXBT-USD-SWAP-LIN,1747491409627,0.165765,149778.0,0.164943,0.164943
630173512271890025,WIF-USD-SWAP-LIN,1747491409597,0.9475,9871.0,0.9435,0.9435
440173512300497125,LDO-USD-SWAP-LIN,1747491409676,0.9316,22868.0,0.9278,0.9278
600173512271038119,1000PEPE-USD-SWAP-LIN,1747491409650,0.012351,1535411.0,0.012297,0.012297
765173511948853237,PURPE-USD-SWAP-LIN,1747491409619,0.07984,64574.0,0.07983,0.07983
598173512108130635,EIGEN-USD-SWAP-LIN,1747491409606,1.1932,20985.6,1.188,1.188
102473977887595587,BROCCOLI3-USD-SWAP-LIN,1747491409639,0.012701,166196.0,0.012431,0.012431
107574565978960367,LetsBONK-USD-SWAP-LIN,1747491409702,0.0377,177376.0,0.03738,0.03738
440173512300497126,LDO-USD-SWAP-LIN,1747491409776,0.9316,22868.0,0.9278,0.9278
745173511978069539,AIXBT-USD-SWAP-LIN,1747491409727,0.165765,149778.0,0.164943,0.164943
100173512386555371,OX-USD-SWAP-LIN,1747491409770,0.00086,17704545.0,0.00081,0.00081
738173511997828423,ZEUS-USD-SWAP-LIN,1747491409725,0.2528,109704.0,0.2514,0.2514
630173512271890026,WIF-USD-SWAP-LIN,1747491409697,0.9475,9871.0,0.9435,0.9435
102473977887595588,BROCCOLI3-USD-SWAP-LIN,1747491409739,0.012701,166196.0,0.012431,0.012431
765173511948853238,PURPE-USD-SWAP-LIN,1747491409719,0.07984,64574.0,0.07983,0.07983
600173512271038120,1000PEPE-USD-SWAP-LIN,1747491409750,0.012351,1535411.0,0.012297,0.012297
598173512108130636,EIGEN-USD-SWAP-LIN,1747491409707,1.1932,20985.6,1.188,1.188
107574565978960368,LetsBONK-USD-SWAP-LIN,1747491409803,0.0377,177376.0,0.03738,0.03738
630173512271890027,WIF-USD-SWAP-LIN,1747491409798,0.9475,9871.0,0.9435,0.9435
100173512386555372,OX-USD-SWAP-LIN,1747491409871,0.00086,17704545.0,0.00081,0.00081
745173511978069540,AIXBT-USD-SWAP-LIN,1747491409828,0.165765,149778.0,0.164943,0.164943
440173512300497127,LDO-USD-SWAP-LIN,1747491409877,0.9316,22868.0,0.9278,0.9278
738173511997828424,ZEUS-USD-SWAP-LIN,1747491409826,0.2528,109704.0,0.2514,0.2514
598173512108130637,EIGEN-USD-SWAP-LIN,1747491409807,1.1932,20985.6,1.188,1.188
765173511948853239,PURPE-USD-SWAP-LIN,1747491409819,0.07984,64574.0,0.07983,0.07983
102473977887595589,BROCCOLI3-USD-SWAP-LIN,1747491409839,0.012701,166196.0,0.012431,0.012431
600173512271038121,1000PEPE-USD-SWAP-LIN,1747491409850,0.012351,1535411.0,0.012297,0.012297
107574565978960369,LetsBONK-USD-SWAP-LIN,1747491409903,0.0377,177376.0,0.03738,0.03738
630173512271890028,WIF-USD-SWAP-LIN,1747491409898,0.9475,9871.0,0.9435,0.9435
738173511997828425,ZEUS-USD-SWAP-LIN,1747491409926,0.2528,109704.0,0.2514,0.2514
745173511978069541,AIXBT-USD-SWAP-LIN,1747491409928,0.165765,149778.0,0.164943,0.164943
765173511948853240,PURPE-USD-SWAP-LIN,1747491409920,0.07984,64574.0,0.07983,0.07983
100173512386555373,OX-USD-SWAP-LIN,1747491409971,0.00086,17704545.0,0.00081,0.00081
440173512300497128,LDO-USD-SWAP-LIN,1747491409977,0.9316,22868.0,0.9278,0.9278
598173512108130638,EIGEN-USD-SWAP-LIN,1747491409907,1.1932,20985.6,1.188,1.188
600173512271038122,1000PEPE-USD-SWAP-LIN,1747491409950,0.012351,1535411.0,0.012297,0.012297
102473977887595590,BROCCOLI3-USD-SWAP-LIN,1747491409940,0.012701,166196.0,0.012431,0.012431
107574565978960370,LetsBONK-USD-SWAP-LIN,1747491410003,0.0377,177376.0,0.03738,0.03738
102473977887596065,BROCCOLI3-USD-SWAP-LIN,1747491457598,0.012701,166196.0,0.012431,0.012431
100173512386555847,OX-USD-SWAP-LIN,1747491457611,0.00086,17704545.0,0.00081,0.00081
102473977887596066,BROCCOLI3-USD-SWAP-LIN,1747491457698,0.012701,166196.0,0.012431,0.012431
100173512386555848,OX-USD-SWAP-LIN,1747491457711,0.00086,17704545.0,0.00081,0.00081
102473977887596067,BROCCOLI3-USD-SWAP-LIN,1747491457798,0.012701,166196.0,0.012431,0.012431
100173512386555849,OX-USD-SWAP-LIN,1747491457812,0.00086,17704545.0,0.00081,0.00081
102473977887596068,BROCCOLI3-USD-SWAP-LIN,1747491457898,0.012701,166196.0,0.012431,0.012431
100173512386555850,OX-USD-SWAP-LIN,1747491457912,0.00086,17704545.0,0.00081,0.00081
102473977887596069,BROCCOLI3-USD-SWAP-LIN,1747491457999,0.012701,166196.0,0.012431,0.012431
100173512386555851,OX-USD-SWAP-LIN,1747491458013,0.00086,17704545.0,0.00081,0.00081
102473977887596070,BROCCOLI3-USD-SWAP-LIN,1747491458099,0.012701,166196.0,0.012431,0.012431
100173512386555852,OX-USD-SWAP-LIN,1747491458113,0.00086,17704545.0,0.00081,0.00081
102473977887596071,BROCCOLI3-USD-SWAP-LIN,1747491458199,0.012701,166196.0,0.012431,0.012431
100173512386555853,OX-USD-SWAP-LIN,1747491458214,0.00086,17704545.0,0.00081,0.00081
102473977887596072,BROCCOLI3-USD-SWAP-LIN,1747491458300,0.012701,166196.0,0.012431,0.012431
100173512386555854,OX-USD-SWAP-LIN,1747491458314,0.00086,17704545.0,0.00081,0.00081
102473977887596073,BROCCOLI3-USD-SWAP-LIN,1747491458400,0.012701,166196.0,0.012431,0.012431
100173512386555855,OX-USD-SWAP-LIN,1747491458415,0.00086,17704545.0,0.00081,0.00081
102473977887596074,BROCCOLI3-USD-SWAP-LIN,1747491458500,0.012701,166196.0,0.012431,0.012431
100173512386555856,OX-USD-SWAP-LIN,1747491458515,0.00086,17704545.0,0.00081,0.00081
440173512300497717,LDO-USD-SWAP-LIN,1747491469066,0.9326,30244.0,0.9288,0.9288
738173511997829015,ZEUS-USD-SWAP-LIN,1747491469116,0.2532,109819.0,0.2518,0.2518
765173511948853830,PURPE-USD-SWAP-LIN,1747491469126,0.07984,64574.0,0.07983,0.07983
107574565978960959,LetsBONK-USD-SWAP-LIN,1747491469055,0.03828,181784.0,0.03827,0.03827
745173511978070130,AIXBT-USD-SWAP-LIN,1747491469043,0.165903,109197.0,0.165081,0.165081
598173512108131228,EIGEN-USD-SWAP-LIN,1747491469085,1.1955,7853.9,1.1897,1.1897
630173512271890618,WIF-USD-SWAP-LIN,1747491469087,0.948,8430.0,0.944,0.944
600173512271038712,1000PEPE-USD-SWAP-LIN,1747491469109,0.012359,2110026.0,0.012305,0.012305
102473977887596075,BROCCOLI3-USD-SWAP-LIN,1747491458601,0.012701,166196.0,0.012431,0.012431
100173512386555857,OX-USD-SWAP-LIN,1747491458616,0.00086,17704545.0,0.00081,0.00081
745173511978070131,AIXBT-USD-SWAP-LIN,1747491469144,0.165903,109197.0,0.165081,0.165081
598173512108131229,EIGEN-USD-SWAP-LIN,1747491469185,1.1955,7853.9,1.1897,1.1897
440173512300497718,LDO-USD-SWAP-LIN,1747491469166,0.9326,30244.0,0.9288,0.9288
765173511948853831,PURPE-USD-SWAP-LIN,1747491469226,0.07984,64574.0,0.07983,0.07983
107574565978960960,LetsBONK-USD-SWAP-LIN,1747491469155,0.03828,181784.0,0.03827,0.03827
738173511997829016,ZEUS-USD-SWAP-LIN,1747491469216,0.2532,109819.0,0.2518,0.2518
630173512271890619,WIF-USD-SWAP-LIN,1747491469187,0.948,8430.0,0.944,0.944
600173512271038713,1000PEPE-USD-SWAP-LIN,1747491469209,0.012359,2110026.0,0.012305,0.012305
102473977887596076,BROCCOLI3-USD-SWAP-LIN,1747491458701,0.012701,166196.0,0.012431,0.012431
100173512386555858,OX-USD-SWAP-LIN,1747491458716,0.00086,17704545.0,0.00081,0.00081
107574565978960961,LetsBONK-USD-SWAP-LIN,1747491469256,0.03828,181784.0,0.03827,0.03827
738173511997829017,ZEUS-USD-SWAP-LIN,1747491469316,0.2532,109819.0,0.2518,0.2518
745173511978070132,AIXBT-USD-SWAP-LIN,1747491469244,0.165903,109197.0,0.165081,0.165081
440173512300497719,LDO-USD-SWAP-LIN,1747491469267,0.9326,30244.0,0.9288,0.9288
765173511948853832,PURPE-USD-SWAP-LIN,1747491469327,0.07984,64574.0,0.07983,0.07983
598173512108131230,EIGEN-USD-SWAP-LIN,1747491469285,1.1955,7853.9,1.1897,1.1897
630173512271890620,WIF-USD-SWAP-LIN,1747491469287,0.948,8430.0,0.944,0.944
600173512271038714,1000PEPE-USD-SWAP-LIN,1747491469310,0.012359,2110026.0,0.012305,0.012305
102473977887596077,BROCCOLI3-USD-SWAP-LIN,1747491458801,0.012701,166196.0,0.012431,0.012431
100173512386555859,OX-USD-SWAP-LIN,1747491458817,0.00086,17704545.0,0.00081,0.00081
765173511948853833,PURPE-USD-SWAP-LIN,1747491469427,0.07984,64574.0,0.07983,0.07983
598173512108131231,EIGEN-USD-SWAP-LIN,1747491469385,1.1955,7853.9,1.1897,1.1897
107574565978960962,LetsBONK-USD-SWAP-LIN,1747491469356,0.03828,181784.0,0.03827,0.03827
745173511978070133,AIXBT-USD-SWAP-LIN,1747491469344,0.165903,109197.0,0.165081,0.165081
440173512300497720,LDO-USD-SWAP-LIN,1747491469367,0.9326,30244.0,0.9288,0.9288
738173511997829018,ZEUS-USD-SWAP-LIN,1747491469417,0.2532,109819.0,0.2518,0.2518
630173512271890621,WIF-USD-SWAP-LIN,1747491469388,0.948,8430.0,0.944,0.944
600173512271038715,1000PEPE-USD-SWAP-LIN,1747491469410,0.012359,2110026.0,0.012305,0.012305
102473977887596078,BROCCOLI3-USD-SWAP-LIN,1747491458902,0.012701,166196.0,0.012431,0.012431
100173512386555860,OX-USD-SWAP-LIN,1747491458917,0.00086,17704545.0,0.00081,0.00081
440173512300497721,LDO-USD-SWAP-LIN,1747491469467,0.9326,30244.0,0.9288,0.9288
738173511997829019,ZEUS-USD-SWAP-LIN,1747491469517,0.2532,109819.0,0.2518,0.2518
765173511948853834,PURPE-USD-SWAP-LIN,1747491469527,0.07984,64574.0,0.07983,0.07983
107574565978960963,LetsBONK-USD-SWAP-LIN,1747491469456,0.03828,181784.0,0.03827,0.03827
745173511978070134,AIXBT-USD-SWAP-LIN,1747491469445,0.165903,109197.0,0.165081,0.165081
598173512108131232,EIGEN-USD-SWAP-LIN,1747491469486,1.1955,7853.9,1.1897,1.1897
630173512271890622,WIF-USD-SWAP-LIN,1747491469488,0.948,8430.0,0.944,0.944
600173512271038716,1000PEPE-USD-SWAP-LIN,1747491469510,0.012359,2110026.0,0.012305,0.012305
102473977887596079,BROCCOLI3-USD-SWAP-LIN,1747491459002,0.012701,166196.0,0.012431,0.012431
100173512386555861,OX-USD-SWAP-LIN,1747491459018,0.00086,17704545.0,0.00081,0.00081
745173511978070135,AIXBT-USD-SWAP-LIN,1747491469545,0.165903,109197.0,0.165081,0.165081
598173512108131233,EIGEN-USD-SWAP-LIN,1747491469586,1.1955,7853.9,1.1897,1.1897
440173512300497722,LDO-USD-SWAP-LIN,1747491469568,0.9326,30244.0,0.9288,0.9288
765173511948853835,PURPE-USD-SWAP-LIN,1747491469628,0.07984,64574.0,0.07983,0.07983
107574565978960964,LetsBONK-USD-SWAP-LIN,1747491469556,0.03828,181784.0,0.03827,0.03827
738173511997829020,ZEUS-USD-SWAP-LIN,1747491469617,0.2532,109819.0,0.2518,0.2518
630173512271890623,WIF-USD-SWAP-LIN,1747491469588,0.948,8430.0,0.944,0.944
600173512271038717,1000PEPE-USD-SWAP-LIN,1747491469610,0.012359,2110026.0,0.012305,0.012305
102473977887596080,BROCCOLI3-USD-SWAP-LIN,1747491459102,0.012701,166196.0,0.012431,0.012431
100173512386555862,OX-USD-SWAP-LIN,1747491459118,0.00086,17704545.0,0.00081,0.00081
107574565978960965,LetsBONK-USD-SWAP-LIN,1747491469657,0.03828,181784.0,0.03827,0.03827
745173511978070136,AIXBT-USD-SWAP-LIN,1747491469645,0.165903,109197.0,0.165081,0.165081
440173512300497723,LDO-USD-SWAP-LIN,1747491469668,0.9326,30244.0,0.9288,0.9288
765173511948853836,PURPE-USD-SWAP-LIN,1747491469728,0.07984,64574.0,0.07983,0.07983
598173512108131234,EIGEN-USD-SWAP-LIN,1747491469686,1.1955,7853.9,1.1897,1.1897
738173511997829021,ZEUS-USD-SWAP-LIN,1747491469718,0.2532,109819.0,0.2518,0.2518
630173512271890624,WIF-USD-SWAP-LIN,1747491469689,0.948,8430.0,0.944,0.944
600173512271038718,1000PEPE-USD-SWAP-LIN,1747491469711,0.012359,2110026.0,0.012305,0.012305
102473977887596081,BROCCOLI3-USD-SWAP-LIN,1747491459203,0.012701,166196.0,0.012431,0.012431
100173512386555863,OX-USD-SWAP-LIN,1747491459219,0.00086,17704545.0,0.00081,0.00081
107574565978960966,LetsBONK-USD-SWAP-LIN,1747491469757,0.03828,181784.0,0.03827,0.03827
745173511978070137,AIXBT-USD-SWAP-LIN,1747491469746,0.165903,109197.0,0.165081,0.165081
765173511948853837,PURPE-USD-SWAP-LIN,1747491469828,0.07984,64574.0,0.07983,0.07983
440173512300497724,LDO-USD-SWAP-LIN,1747491469768,0.9326,30244.0,0.9288,0.9288
598173512108131235,EIGEN-USD-SWAP-LIN,1747491469787,1.1955,7853.9,1.1897,1.1897
738173511997829022,ZEUS-USD-SWAP-LIN,1747491469818,0.2532,109819.0,0.2518,0.2518
630173512271890625,WIF-USD-SWAP-LIN,1747491469789,0.948,8430.0,0.944,0.944
600173512271038719,1000PEPE-USD-SWAP-LIN,1747491469811,0.012359,2110026.0,0.012305,0.012305
102473977887596082,BROCCOLI3-USD-SWAP-LIN,1747491459303,0.012701,166196.0,0.012431,0.012431
100173512386555864,OX-USD-SWAP-LIN,1747491459319,0.00086,17704545.0,0.00081,0.00081
107574565978960967,LetsBONK-USD-SWAP-LIN,1747491469857,0.03828,181784.0,0.03827,0.03827
745173511978070138,AIXBT-USD-SWAP-LIN,1747491469846,0.165903,109197.0,0.165081,0.165081
440173512300497725,LDO-USD-SWAP-LIN,1747491469868,0.9326,30244.0,0.9288,0.9288
598173512108131236,EIGEN-USD-SWAP-LIN,1747491469887,1.1955,7853.9,1.1897,1.1897
765173511948853838,PURPE-USD-SWAP-LIN,1747491469928,0.07984,64574.0,0.07983,0.07983
738173511997829023,ZEUS-USD-SWAP-LIN,1747491469918,0.2532,109819.0,0.2518,0.2518
630173512271890626,WIF-USD-SWAP-LIN,1747491469889,0.948,8430.0,0.944,0.944
600173512271038720,1000PEPE-USD-SWAP-LIN,1747491469911,0.012359,2110026.0,0.012305,0.012305
102473977887596083,BROCCOLI3-USD-SWAP-LIN,1747491459403,0.012701,166196.0,0.012431,0.012431
100173512386555865,OX-USD-SWAP-LIN,1747491459420,0.00086,17704545.0,0.00081,0.00081
107574565978960968,LetsBONK-USD-SWAP-LIN,1747491469957,0.03828,181784.0,0.03827,0.03827
745173511978070139,AIXBT-USD-SWAP-LIN,1747491469946,0.165903,109197.0,0.165081,0.165081
598173512108131237,EIGEN-USD-SWAP-LIN,1747491469987,1.1955,7853.9,1.1897,1.1897
765173511948853839,PURPE-USD-SWAP-LIN,1747491470029,0.07984,64574.0,0.07983,0.07983
440173512300497726,LDO-USD-SWAP-LIN,1747491469969,0.9326,30244.0,0.9288,0.9288
738173511997829024,ZEUS-USD-SWAP-LIN,1747491470019,0.2532,109819.0,0.2518,0.2518
630173512271890627,WIF-USD-SWAP-LIN,1747491469990,0.948,8430.0,0.944,0.944
600173512271038721,1000PEPE-USD-SWAP-LIN,1747491470011,0.012359,2110026.0,0.012305,0.012305
102473977887596084,BROCCOLI3-USD-SWAP-LIN,1747491459504,0.012701,166196.0,0.012431,0.012431
100173512386555866,OX-USD-SWAP-LIN,1747491459520,0.00086,17704545.0,0.00081,0.00081
745173511978070140,AIXBT-USD-SWAP-LIN,1747491470047,0.165903,109197.0,0.165081,0.165081
765173511948853840,PURPE-USD-SWAP-LIN,1747491470129,0.07984,64574.0,0.07983,0.07983
440173512300497727,LDO-USD-SWAP-LIN,1747491470069,0.9326,30244.0,0.9288,0.9288
598173512108131238,EIGEN-USD-SWAP-LIN,1747491470087,1.1955,7853.9,1.1897,1.1897
107574565978960969,LetsBONK-USD-SWAP-LIN,1747491470058,0.03828,181784.0,0.03827,0.03827
738173511997829025,ZEUS-USD-SWAP-LIN,1747491470119,0.2532,109819.0,0.2518,0.2518
630173512271890628,WIF-USD-SWAP-LIN,1747491470090,0.948,8430.0,0.944,0.944
600173512271038722,1000PEPE-USD-SWAP-LIN,1747491470112,0.012359,2110026.0,0.012305,0.012305
102473977887596085,BROCCOLI3-USD-SWAP-LIN,1747491459604,0.012701,166196.0,0.012431,0.012431
100173512386555867,OX-USD-SWAP-LIN,1747491459621,0.00086,17704545.0,0.00081,0.00081
765173511948853841,PURPE-USD-SWAP-LIN,1747491470229,0.07984,64574.0,0.07983,0.07983
598173512108131239,EIGEN-USD-SWAP-LIN,1747491470188,1.1955,7853.9,1.1897,1.1897
107574565978960970,LetsBONK-USD-SWAP-LIN,1747491470158,0.03828,181784.0,0.03827,0.03827
440173512300497728,LDO-USD-SWAP-LIN,1747491470169,0.9326,30244.0,0.9288,0.9288
745173511978070141,AIXBT-USD-SWAP-LIN,1747491470147,0.165903,109197.0,0.165081,0.165081
738173511997829026,ZEUS-USD-SWAP-LIN,1747491470219,0.2532,109819.0,0.2518,0.2518
630173512271890629,WIF-USD-SWAP-LIN,1747491470190,0.948,8430.0,0.944,0.944
600173512271038723,1000PEPE-USD-SWAP-LIN,1747491470212,0.012359,2110026.0,0.012305,0.012305
102473977887596086,BROCCOLI3-USD-SWAP-LIN,1747491459704,0.012701,166196.0,0.012431,0.012431
100173512386555868,OX-USD-SWAP-LIN,1747491459721,0.00086,17704545.0,0.00081,0.00081
598173512108131240,EIGEN-USD-SWAP-LIN,1747491470288,1.1955,7853.9,1.1897,1.1897
440173512300497729,LDO-USD-SWAP-LIN,1747491470270,0.9326,30244.0,0.9288,0.9288
745173511978070142,AIXBT-USD-SWAP-LIN,1747491470248,0.165903,109197.0,0.165081,0.165081
107574565978960971,LetsBONK-USD-SWAP-LIN,1747491470258,0.03828,181784.0,0.03827,0.03827
765173511948853842,PURPE-USD-SWAP-LIN,1747491470330,0.07984,64574.0,0.07983,0.07983
738173511997829027,ZEUS-USD-SWAP-LIN,1747491470319,0.2532,109819.0,0.2518,0.2518
630173512271890630,WIF-USD-SWAP-LIN,1747491470290,0.948,8430.0,0.944,0.944
600173512271038724,1000PEPE-USD-SWAP-LIN,1747491470312,0.012359,2110026.0,0.012305,0.012305
102473977887596087,BROCCOLI3-USD-SWAP-LIN,1747491459805,0.012701,166196.0,0.012431,0.012431
100173512386555869,OX-USD-SWAP-LIN,1747491459822,0.00086,17704545.0,0.00081,0.00081
440173512300497730,LDO-USD-SWAP-LIN,1747491470370,0.9326,30244.0,0.9288,0.9288
107574565978960972,LetsBONK-USD-SWAP-LIN,1747491470358,0.03828,181784.0,0.03827,0.03827
765173511948853843,PURPE-USD-SWAP-LIN,1747491470430,0.07984,64574.0,0.07983,0.07983
745173511978070143,AIXBT-USD-SWAP-LIN,1747491470348,0.165903,109197.0,0.165081,0.165081
598173512108131241,EIGEN-USD-SWAP-LIN,1747491470388,1.1955,7853.9,1.1897,1.1897
738173511997829028,ZEUS-USD-SWAP-LIN,1747491470420,0.2532,109819.0,0.2518,0.2518
630173512271890631,WIF-USD-SWAP-LIN,1747491470391,0.948,8430.0,0.944,0.944
600173512271038725,1000PEPE-USD-SWAP-LIN,1747491470412,0.012359,2110026.0,0.012305,0.012305
102473977887596088,BROCCOLI3-USD-SWAP-LIN,1747491459905,0.012701,166196.0,0.012431,0.012431
100173512386555870,OX-USD-SWAP-LIN,1747491459922,0.00086,17704545.0,0.00081,0.00081
107574565978960973,LetsBONK-USD-SWAP-LIN,1747491470459,0.03828,181784.0,0.03827,0.03827
745173511978070144,AIXBT-USD-SWAP-LIN,1747491470448,0.165903,109197.0,0.165081,0.165081
598173512108131242,EIGEN-USD-SWAP-LIN,1747491470489,1.1955,7853.9,1.1897,1.1897
765173511948853844,PURPE-USD-SWAP-LIN,1747491470530,0.07984,64574.0,0.07983,0.07983
440173512300497731,LDO-USD-SWAP-LIN,1747491470470,0.9326,30244.0,0.9288,0.9288
738173511997829029,ZEUS-USD-SWAP-LIN,1747491470520,0.2532,109819.0,0.2518,0.2518
630173512271890632,WIF-USD-SWAP-LIN,1747491470491,0.948,8430.0,0.944,0.944
600173512271038726,1000PEPE-USD-SWAP-LIN,1747491470513,0.012359,2110026.0,0.012305,0.012305
102473977887596089,BROCCOLI3-USD-SWAP-LIN,1747491460005,0.012701,166196.0,0.012431,0.012431
100173512386555871,OX-USD-SWAP-LIN,1747491460023,0.00086,17704545.0,0.00081,0.00081
107574565978960974,LetsBONK-USD-SWAP-LIN,1747491470567,0.03828,181784.0,0.03827,0.03827
745173511978070145,AIXBT-USD-SWAP-LIN,1747491470549,0.165903,109197.0,0.165081,0.165081
765173511948853845,PURPE-USD-SWAP-LIN,1747491470631,0.07984,64574.0,0.07983,0.07983
598173512108131243,EIGEN-USD-SWAP-LIN,1747491470589,1.1955,7853.9,1.1897,1.1897
440173512300497732,LDO-USD-SWAP-LIN,1747491470571,0.9326,30244.0,0.9288,0.9288
738173511997829030,ZEUS-USD-SWAP-LIN,1747491470620,0.2532,109819.0,0.2518,0.2518
630173512271890633,WIF-USD-SWAP-LIN,1747491470591,0.948,8430.0,0.944,0.944
600173512271038727,1000PEPE-USD-SWAP-LIN,1747491470613,0.012359,2110026.0,0.012305,0.012305
102473977887596090,BROCCOLI3-USD-SWAP-LIN,1747491460106,0.012701,166196.0,0.012431,0.012431
100173512386555872,OX-USD-SWAP-LIN,1747491460123,0.00086,17704545.0,0.00081,0.00081
745173511978070146,AIXBT-USD-SWAP-LIN,1747491470649,0.165903,109197.0,0.165081,0.165081
598173512108131244,EIGEN-USD-SWAP-LIN,1747491470689,1.1955,7853.9,1.1897,1.1897
440173512300497733,LDO-USD-SWAP-LIN,1747491470671,0.9326,30244.0,0.9288,0.9288
765173511948853846,PURPE-USD-SWAP-LIN,1747491470731,0.07984,64574.0,0.07983,0.07983
107574565978960975,LetsBONK-USD-SWAP-LIN,1747491470667,0.03828,181784.0,0.03827,0.03827
738173511997829031,ZEUS-USD-SWAP-LIN,1747491470721,0.2532,109819.0,0.2518,0.2518
600173512271038728,1000PEPE-USD-SWAP-LIN,1747491470713,0.012359,2110026.0,0.012305,0.012305
630173512271890634,WIF-USD-SWAP-LIN,1747491470692,0.948,8430.0,0.944,0.944
100173512386555873,OX-USD-SWAP-LIN,1747491460224,0.00086,17704545.0,0.00081,0.00081
102473977887596091,BROCCOLI3-USD-SWAP-LIN,1747491460206,0.012701,166196.0,0.012431,0.012431
738173511997829032,ZEUS-USD-SWAP-LIN,1747491470821,0.2532,109819.0,0.2518,0.2518
107574565978960976,LetsBONK-USD-SWAP-LIN,1747491470767,0.03828,181784.0,0.03827,0.03827
765173511948853847,PURPE-USD-SWAP-LIN,1747491470831,0.07984,64574.0,0.07983,0.07983
745173511978070147,AIXBT-USD-SWAP-LIN,1747491470749,0.165903,109197.0,0.165081,0.165081
598173512108131245,EIGEN-USD-SWAP-LIN,1747491470789,1.1955,7853.9,1.1897,1.1897
440173512300497734,LDO-USD-SWAP-LIN,1747491470771,0.9326,30244.0,0.9288,0.9288
630173512271890635,WIF-USD-SWAP-LIN,1747491470792,0.948,8430.0,0.944,0.944
600173512271038729,1000PEPE-USD-SWAP-LIN,1747491470813,0.012359,2110026.0,0.012305,0.012305
102473977887596092,BROCCOLI3-USD-SWAP-LIN,1747491460306,0.012701,166196.0,0.012431,0.012431
100173512386555874,OX-USD-SWAP-LIN,1747491460324,0.00086,17704545.0,0.00081,0.00081
745173511978070148,AIXBT-USD-SWAP-LIN,1747491470850,0.165903,109197.0,0.165081,0.165081
765173511948853848,PURPE-USD-SWAP-LIN,1747491470932,0.07984,64574.0,0.07983,0.07983
107574565978960977,LetsBONK-USD-SWAP-LIN,1747491470868,0.03828,181784.0,0.03827,0.03827
738173511997829033,ZEUS-USD-SWAP-LIN,1747491470921,0.2532,109819.0,0.2518,0.2518
440173512300497735,LDO-USD-SWAP-LIN,1747491470871,0.9326,30244.0,0.9288,0.9288
598173512108131246,EIGEN-USD-SWAP-LIN,1747491470890,1.1955,7853.9,1.1897,1.1897
630173512271890636,WIF-USD-SWAP-LIN,1747491470892,0.948,8430.0,0.944,0.944
600173512271038730,1000PEPE-USD-SWAP-LIN,1747491470914,0.012359,2110026.0,0.012305,0.012305
102473977887596093,BROCCOLI3-USD-SWAP-LIN,1747491460406,0.012701,166196.0,0.012431,0.012431
100173512386555875,OX-USD-SWAP-LIN,1747491460425,0.00086,17704545.0,0.00081,0.00081
440173512300497736,LDO-USD-SWAP-LIN,1747491470972,0.9326,30244.0,0.9288,0.9288
765173511948853849,PURPE-USD-SWAP-LIN,1747491471032,0.07984,64574.0,0.07983,0.07983
738173511997829034,ZEUS-USD-SWAP-LIN,1747491471021,0.2532,109819.0,0.2518,0.2518
107574565978960978,LetsBONK-USD-SWAP-LIN,1747491470968,0.03828,181784.0,0.03827,0.03827
745173511978070149,AIXBT-USD-SWAP-LIN,1747491470950,0.165903,109197.0,0.165081,0.165081
598173512108131247,EIGEN-USD-SWAP-LIN,1747491470990,1.1955,7853.9,1.1897,1.1897
630173512271890637,WIF-USD-SWAP-LIN,1747491470993,0.948,8430.0,0.944,0.944
600173512271038731,1000PEPE-USD-SWAP-LIN,1747491471014,0.012359,2110026.0,0.012305,0.012305
100173512386555876,OX-USD-SWAP-LIN,1747491460525,0.00086,17704545.0,0.00081,0.00081
102473977887596094,BROCCOLI3-USD-SWAP-LIN,1747491460507,0.012701,166196.0,0.012431,0.012431
107574565978960979,LetsBONK-USD-SWAP-LIN,1747491471068,0.03828,181784.0,0.03827,0.03827
598173512108131248,EIGEN-USD-SWAP-LIN,1747491471090,1.1955,7853.9,1.1897,1.1897
745173511978070150,AIXBT-USD-SWAP-LIN,1747491471050,0.165903,109197.0,0.165081,0.165081
765173511948853850,PURPE-USD-SWAP-LIN,1747491471132,0.07984,64574.0,0.07983,0.07983
738173511997829035,ZEUS-USD-SWAP-LIN,1747491471122,0.2532,109819.0,0.2518,0.2518
440173512300497737,LDO-USD-SWAP-LIN,1747491471072,0.9326,30244.0,0.9288,0.9288
630173512271890638,WIF-USD-SWAP-LIN,1747491471093,0.948,8430.0,0.944,0.944
600173512271038732,1000PEPE-USD-SWAP-LIN,1747491471114,0.012359,2110026.0,0.012305,0.012305
102473977887596095,BROCCOLI3-USD-SWAP-LIN,1747491460607,0.012701,166196.0,0.012431,0.012431
100173512386555877,OX-USD-SWAP-LIN,1747491460626,0.00086,17704545.0,0.00081,0.00081
440173512300497738,LDO-USD-SWAP-LIN,1747491471172,0.9326,30244.0,0.9288,0.9288
738173511997829036,ZEUS-USD-SWAP-LIN,1747491471222,0.2532,109819.0,0.2518,0.2518
765173511948853851,PURPE-USD-SWAP-LIN,1747491471233,0.07984,64574.0,0.07983,0.07983
107574565978960980,LetsBONK-USD-SWAP-LIN,1747491471168,0.03828,181784.0,0.03827,0.03827
598173512108131249,EIGEN-USD-SWAP-LIN,1747491471191,1.1955,7853.9,1.1897,1.1897
745173511978070151,AIXBT-USD-SWAP-LIN,1747491471151,0.165903,109197.0,0.165081,0.165081
630173512271890639,WIF-USD-SWAP-LIN,1747491471193,0.948,8430.0,0.944,0.944
600173512271038733,1000PEPE-USD-SWAP-LIN,1747491471214,0.012359,2110026.0,0.012305,0.012305
100173512386555878,OX-USD-SWAP-LIN,1747491460726,0.00086,17704545.0,0.00081,0.00081
102473977887596096,BROCCOLI3-USD-SWAP-LIN,1747491460707,0.012701,166196.0,0.012431,0.012431
107574565978960981,LetsBONK-USD-SWAP-LIN,1747491471269,0.03828,181784.0,0.03827,0.03827
738173511997829037,ZEUS-USD-SWAP-LIN,1747491471322,0.2532,109819.0,0.2518,0.2518
765173511948853852,PURPE-USD-SWAP-LIN,1747491471333,0.07984,64574.0,0.07983,0.07983
440173512300497739,LDO-USD-SWAP-LIN,1747491471273,0.9326,30244.0,0.9288,0.9288
745173511978070152,AIXBT-USD-SWAP-LIN,1747491471251,0.165903,109197.0,0.165081,0.165081
598173512108131250,EIGEN-USD-SWAP-LIN,1747491471291,1.1955,7853.9,1.1897,1.1897
630173512271890640,WIF-USD-SWAP-LIN,1747491471293,0.948,8430.0,0.944,0.944
600173512271038734,1000PEPE-USD-SWAP-LIN,1747491471315,0.012359,2110026.0,0.012305,0.012305
100173512386555879,OX-USD-SWAP-LIN,1747491460827,0.00086,17704545.0,0.00081,0.00081
102473977887596097,BROCCOLI3-USD-SWAP-LIN,1747491460808,0.012701,166196.0,0.012431,0.012431
440173512300497740,LDO-USD-SWAP-LIN,1747491471373,0.9326,30244.0,0.9288,0.9288
598173512108131251,EIGEN-USD-SWAP-LIN,1747491471391,1.1955,7853.9,1.1897,1.1897
745173511978070153,AIXBT-USD-SWAP-LIN,1747491471351,0.165903,109197.0,0.165081,0.165081
738173511997829038,ZEUS-USD-SWAP-LIN,1747491471423,0.2532,109819.0,0.2518,0.2518
765173511948853853,PURPE-USD-SWAP-LIN,1747491471433,0.07984,64574.0,0.07983,0.07983
107574565978960982,LetsBONK-USD-SWAP-LIN,1747491471369,0.03828,181784.0,0.03827,0.03827
630173512271890641,WIF-USD-SWAP-LIN,1747491471394,0.948,8430.0,0.944,0.944
600173512271038735,1000PEPE-USD-SWAP-LIN,1747491471415,0.012359,2110026.0,0.012305,0.012305
102473977887596098,BROCCOLI3-USD-SWAP-LIN,1747491460908,0.012701,166196.0,0.012431,0.012431
100173512386555880,OX-USD-SWAP-LIN,1747491460927,0.00086,17704545.0,0.00081,0.00081
107574565978960983,LetsBONK-USD-SWAP-LIN,1747491471469,0.03828,181784.0,0.03827,0.03827
765173511948853854,PURPE-USD-SWAP-LIN,1747491471534,0.07984,64574.0,0.07983,0.07983
738173511997829039,ZEUS-USD-SWAP-LIN,1747491471523,0.2532,109819.0,0.2518,0.2518
440173512300497741,LDO-USD-SWAP-LIN,1747491471473,0.9326,30244.0,0.9288,0.9288
598173512108131252,EIGEN-USD-SWAP-LIN,1747491471492,1.1955,7853.9,1.1897,1.1897
745173511978070154,AIXBT-USD-SWAP-LIN,1747491471452,0.165903,109197.0,0.165081,0.165081
630173512271890642,WIF-USD-SWAP-LIN,1747491471494,0.948,8430.0,0.944,0.944
600173512271038736,1000PEPE-USD-SWAP-LIN,1747491471515,0.012359,2110026.0,0.012305,0.012305
100173512386555881,OX-USD-SWAP-LIN,1747491461028,0.00086,17704545.0,0.00081,0.00081
102473977887596099,BROCCOLI3-USD-SWAP-LIN,1747491461008,0.012701,166196.0,0.012431,0.012431
765173511948853855,PURPE-USD-SWAP-LIN,1747491471634,0.07984,64574.0,0.07983,0.07983
738173511997829040,ZEUS-USD-SWAP-LIN,1747491471623,0.2532,109819.0,0.2518,0.2518
107574565978960984,LetsBONK-USD-SWAP-LIN,1747491471569,0.03828,181784.0,0.03827,0.03827
745173511978070155,AIXBT-USD-SWAP-LIN,1747491471552,0.165903,109197.0,0.165081,0.165081
440173512300497742,LDO-USD-SWAP-LIN,1747491471574,0.9326,30244.0,0.9288,0.9288
598173512108131253,EIGEN-USD-SWAP-LIN,1747491471592,1.1955,7853.9,1.1897,1.1897
630173512271890643,WIF-USD-SWAP-LIN,1747491471594,0.948,8430.0,0.944,0.944
600173512271038737,1000PEPE-USD-SWAP-LIN,1747491471616,0.012359,2110026.0,0.012305,0.012305
100173512386555882,OX-USD-SWAP-LIN,1747491461128,0.00086,17704545.0,0.00081,0.00081
102473977887596100,BROCCOLI3-USD-SWAP-LIN,1747491461109,0.012701,166196.0,0.012431,0.012431
598173512108131254,EIGEN-USD-SWAP-LIN,1747491471692,1.1955,7853.9,1.1897,1.1897
745173511978070156,AIXBT-USD-SWAP-LIN,1747491471653,0.165903,109197.0,0.165081,0.165081
440173512300497743,LDO-USD-SWAP-LIN,1747491471674,0.9326,30244.0,0.9288,0.9288
738173511997829041,ZEUS-USD-SWAP-LIN,1747491471724,0.2532,109819.0,0.2518,0.2518
107574565978960985,LetsBONK-USD-SWAP-LIN,1747491471670,0.03828,181784.0,0.03827,0.03827
765173511948853856,PURPE-USD-SWAP-LIN,1747491471734,0.07984,64574.0,0.07983,0.07983
630173512271890644,WIF-USD-SWAP-LIN,1747491471695,0.948,8430.0,0.944,0.944
600173512271038738,1000PEPE-USD-SWAP-LIN,1747491471716,0.012359,2110026.0,0.012305,0.012305
102473977887596101,BROCCOLI3-USD-SWAP-LIN,1747491461209,0.012701,166196.0,0.012431,0.012431
100173512386555883,OX-USD-SWAP-LIN,1747491461229,0.00086,17704545.0,0.00081,0.00081
765173511948853857,PURPE-USD-SWAP-LIN,1747491471835,0.07984,64574.0,0.07983,0.07983
738173511997829042,ZEUS-USD-SWAP-LIN,1747491471824,0.2532,109819.0,0.2518,0.2518
107574565978960986,LetsBONK-USD-SWAP-LIN,1747491471770,0.03828,181784.0,0.03827,0.03827
745173511978070157,AIXBT-USD-SWAP-LIN,1747491471753,0.165903,109197.0,0.165081,0.165081
440173512300497744,LDO-USD-SWAP-LIN,1747491471774,0.9326,30244.0,0.9288,0.9288
598173512108131255,EIGEN-USD-SWAP-LIN,1747491471792,1.1955,7853.9,1.1897,1.1897
630173512271890645,WIF-USD-SWAP-LIN,1747491471795,0.948,8430.0,0.944,0.944
600173512271038739,1000PEPE-USD-SWAP-LIN,1747491471816,0.012359,2110026.0,0.012305,0.012305
745173511978070158,AIXBT-USD-SWAP-LIN,1747491471853,0.165903,109197.0,0.165081,0.165081
598173512108131256,EIGEN-USD-SWAP-LIN,1747491471893,1.1955,7853.9,1.1897,1.1897
440173512300497745,LDO-USD-SWAP-LIN,1747491471874,0.9326,30244.0,0.9288,0.9288
765173511948853858,PURPE-USD-SWAP-LIN,1747491471935,0.07984,64574.0,0.07983,0.07983
738173511997829043,ZEUS-USD-SWAP-LIN,1747491471924,0.2532,109819.0,0.2518,0.2518
107574565978960987,LetsBONK-USD-SWAP-LIN,1747491471870,0.03828,181784.0,0.03827,0.03827
630173512271890646,WIF-USD-SWAP-LIN,1747491471895,0.948,8430.0,0.944,0.944
600173512271038740,1000PEPE-USD-SWAP-LIN,1747491471916,0.012359,2110026.0,0.012305,0.012305
745173511978070159,AIXBT-USD-SWAP-LIN,1747491471954,0.165903,109197.0,0.165081,0.165081
598173512108131257,EIGEN-USD-SWAP-LIN,1747491471993,1.1955,7853.9,1.1897,1.1897
765173511948853859,PURPE-USD-SWAP-LIN,1747491472035,0.07984,64574.0,0.07983,0.07983
738173511997829044,ZEUS-USD-SWAP-LIN,1747491472024,0.2532,109819.0,0.2518,0.2518
440173512300497746,LDO-USD-SWAP-LIN,1747491471975,0.9326,30244.0,0.9288,0.9288
107574565978960988,LetsBONK-USD-SWAP-LIN,1747491471970,0.03828,181784.0,0.03827,0.03827
630173512271890647,WIF-USD-SWAP-LIN,1747491471995,0.948,8430.0,0.944,0.944
600173512271038741,1000PEPE-USD-SWAP-LIN,1747491472017,0.012359,2110026.0,0.012305,0.012305
745173511978070160,AIXBT-USD-SWAP-LIN,1747491472054,0.165903,109197.0,0.165081,0.165081
598173512108131258,EIGEN-USD-SWAP-LIN,1747491472093,1.1955,7853.9,1.1897,1.1897
738173511997829045,ZEUS-USD-SWAP-LIN,1747491472125,0.2532,109819.0,0.2518,0.2518
440173512300497747,LDO-USD-SWAP-LIN,1747491472075,0.9326,30244.0,0.9288,0.9288
765173511948853860,PURPE-USD-SWAP-LIN,1747491472136,0.07984,64574.0,0.07983,0.07983
107574565978960989,LetsBONK-USD-SWAP-LIN,1747491472071,0.03828,181784.0,0.03827,0.03827
630173512271890648,WIF-USD-SWAP-LIN,1747491472096,0.948,8430.0,0.944,0.944
600173512271038742,1000PEPE-USD-SWAP-LIN,1747491472117,0.012359,2110026.0,0.012305,0.012305
745173511978070161,AIXBT-USD-SWAP-LIN,1747491472154,0.165903,109197.0,0.165081,0.165081
598173512108131259,EIGEN-USD-SWAP-LIN,1747491472194,1.1955,7853.9,1.1897,1.1897
440173512300497748,LDO-USD-SWAP-LIN,1747491472175,0.9326,30244.0,0.9288,0.9288
765173511948853861,PURPE-USD-SWAP-LIN,1747491472236,0.07984,64574.0,0.07983,0.07983
738173511997829046,ZEUS-USD-SWAP-LIN,1747491472225,0.2532,109819.0,0.2518,0.2518
107574565978960990,LetsBONK-USD-SWAP-LIN,1747491472171,0.03828,181784.0,0.03827,0.03827
630173512271890649,WIF-USD-SWAP-LIN,1747491472196,0.948,8430.0,0.944,0.944
600173512271038743,1000PEPE-USD-SWAP-LIN,1747491472217,0.012359,2110026.0,0.012305,0.012305
745173511978070162,AIXBT-USD-SWAP-LIN,1747491472255,0.165903,109197.0,0.165081,0.165081
598173512108131260,EIGEN-USD-SWAP-LIN,1747491472294,1.1955,7853.9,1.1897,1.1897
765173511948853862,PURPE-USD-SWAP-LIN,1747491472336,0.07984,64574.0,0.07983,0.07983
738173511997829047,ZEUS-USD-SWAP-LIN,1747491472325,0.2532,109819.0,0.2518,0.2518
440173512300497749,LDO-USD-SWAP-LIN,1747491472276,0.9326,30244.0,0.9288,0.9288
107574565978960991,LetsBONK-USD-SWAP-LIN,1747491472271,0.03828,181784.0,0.03827,0.03827
630173512271890650,WIF-USD-SWAP-LIN,1747491472296,0.948,8430.0,0.944,0.944
600173512271038744,1000PEPE-USD-SWAP-LIN,1747491472317,0.012359,2110026.0,0.012305,0.012305
745173511978070163,AIXBT-USD-SWAP-LIN,1747491472355,0.165903,109197.0,0.165081,0.165081
598173512108131261,EIGEN-USD-SWAP-LIN,1747491472394,1.1955,7853.9,1.1897,1.1897
738173511997829048,ZEUS-USD-SWAP-LIN,1747491472426,0.2532,109819.0,0.2518,0.2518
440173512300497750,LDO-USD-SWAP-LIN,1747491472376,0.9326,30244.0,0.9288,0.9288
765173511948853863,PURPE-USD-SWAP-LIN,1747491472437,0.07984,64574.0,0.07983,0.07983
107574565978960992,LetsBONK-USD-SWAP-LIN,1747491472371,0.03828,181784.0,0.03827,0.03827
630173512271890651,WIF-USD-SWAP-LIN,1747491472397,0.948,8430.0,0.944,0.944
600173512271038745,1000PEPE-USD-SWAP-LIN,1747491472418,0.012359,2110026.0,0.012305,0.012305
745173511978070164,AIXBT-USD-SWAP-LIN,1747491472455,0.165903,109197.0,0.165081,0.165081
598173512108131262,EIGEN-USD-SWAP-LIN,1747491472495,1.1955,7853.9,1.1897,1.1897
440173512300497751,LDO-USD-SWAP-LIN,1747491472476,0.9326,30244.0,0.9288,0.9288
765173511948853864,PURPE-USD-SWAP-LIN,1747491472537,0.07984,64574.0,0.07983,0.07983
738173511997829049,ZEUS-USD-SWAP-LIN,1747491472526,0.2532,109819.0,0.2518,0.2518
107574565978960993,LetsBONK-USD-SWAP-LIN,1747491472472,0.03828,181784.0,0.03827,0.03827
630173512271890652,WIF-USD-SWAP-LIN,1747491472497,0.948,8430.0,0.944,0.944
600173512271038746,1000PEPE-USD-SWAP-LIN,1747491472518,0.012359,2110026.0,0.012305,0.012305
745173511978070165,AIXBT-USD-SWAP-LIN,1747491472556,0.165903,109197.0,0.165081,0.165081
598173512108131263,EIGEN-USD-SWAP-LIN,1747491472595,1.1955,7853.9,1.1897,1.1897
765173511948853865,PURPE-USD-SWAP-LIN,1747491472637,0.07984,64574.0,0.07983,0.07983
738173511997829050,ZEUS-USD-SWAP-LIN,1747491472626,0.2532,109819.0,0.2518,0.2518
440173512300497752,LDO-USD-SWAP-LIN,1747491472577,0.9326,30244.0,0.9288,0.9288
107574565978960994,LetsBONK-USD-SWAP-LIN,1747491472572,0.03828,181784.0,0.03827,0.03827
630173512271890653,WIF-USD-SWAP-LIN,1747491472597,0.948,8430.0,0.944,0.944
600173512271038747,1000PEPE-USD-SWAP-LIN,1747491472618,0.012359,2110026.0,0.012305,0.012305
745173511978070166,AIXBT-USD-SWAP-LIN,1747491472656,0.165903,109197.0,0.165081,0.165081
598173512108131264,EIGEN-USD-SWAP-LIN,1747491472695,1.1955,7853.9,1.1897,1.1897
738173511997829051,ZEUS-USD-SWAP-LIN,1747491472727,0.2532,109819.0,0.2518,0.2518
440173512300497753,LDO-USD-SWAP-LIN,1747491472677,0.9326,30244.0,0.9288,0.9288
765173511948853866,PURPE-USD-SWAP-LIN,1747491472738,0.07984,64574.0,0.07983,0.07983
107574565978960995,LetsBONK-USD-SWAP-LIN,1747491472672,0.03828,181784.0,0.03827,0.03827
630173512271890654,WIF-USD-SWAP-LIN,1747491472698,0.948,8430.0,0.944,0.944
600173512271038748,1000PEPE-USD-SWAP-LIN,1747491472718,0.012359,2110026.0,0.012305,0.012305
598173512108131265,EIGEN-USD-SWAP-LIN,1747491472795,1.1955,7853.9,1.1897,1.1897
440173512300497754,LDO-USD-SWAP-LIN,1747491472777,0.9326,30244.0,0.9288,0.9288
765173511948853867,PURPE-USD-SWAP-LIN,1747491472838,0.07984,64574.0,0.07983,0.07983
738173511997829052,ZEUS-USD-SWAP-LIN,1747491472827,0.2532,109819.0,0.2518,0.2518
745173511978070167,AIXBT-USD-SWAP-LIN,1747491472756,0.165903,109197.0,0.165081,0.165081
107574565978960996,LetsBONK-USD-SWAP-LIN,1747491472773,0.03828,181784.0,0.03827,0.03827
630173512271890655,WIF-USD-SWAP-LIN,1747491472798,0.948,8430.0,0.944,0.944
600173512271038749,1000PEPE-USD-SWAP-LIN,1747491472819,0.012359,2110026.0,0.012305,0.012305
100173512386556359,OX-USD-SWAP-LIN,1747491509070,0.00086,17704545.0,0.00081,0.00081
102473977887596578,BROCCOLI3-USD-SWAP-LIN,1747491509071,0.012701,166196.0,0.012431,0.012431
100173512386556360,OX-USD-SWAP-LIN,1747491509170,0.00086,17704545.0,0.00081,0.00081
102473977887596579,BROCCOLI3-USD-SWAP-LIN,1747491509172,0.012701,166196.0,0.012431,0.012431
100173512386556361,OX-USD-SWAP-LIN,1747491509271,0.00086,17704545.0,0.00081,0.00081
102473977887596580,BROCCOLI3-USD-SWAP-LIN,1747491509272,0.012701,166196.0,0.012431,0.012431
100173512386556362,OX-USD-SWAP-LIN,1747491509371,0.00086,17704545.0,0.00081,0.00081
102473977887596581,BROCCOLI3-USD-SWAP-LIN,1747491509372,0.012701,166196.0,0.012431,0.012431
100173512386556363,OX-USD-SWAP-LIN,1747491509472,0.00086,17704545.0,0.00081,0.00081
102473977887596582,BROCCOLI3-USD-SWAP-LIN,1747491509473,0.012701,166196.0,0.012431,0.012431
100173512386556364,OX-USD-SWAP-LIN,1747491509572,0.00086,17704545.0,0.00081,0.00081
102473977887596583,BROCCOLI3-USD-SWAP-LIN,1747491509573,0.012701,166196.0,0.012431,0.012431
